id;country;managed_by;fulfill_via;vendor_inco_term;shipment_mode;late_delivery;late;product_group;sub_classification;vendor;item_description;molecule_test_type;brand;dosage;dosage_form;unit_of_measure_per_pack;line_item_quantity;line_item_value;pack_price;unit_price;manufacturing_site;first_line_designation;weight_kilograms;freight_cost_usd;line_item_insurance_usd
73003;Vietnam;PMO - US;Direct Drop;EXW;Air;0;No;ARV;Adult;HETERO LABS LIMITED;Efavirenz/Lamivudine/Tenofovir Disoproxil Fumarate 600/300/300mg, tablets, 30 Tabs;Efavirenz/Lamivudine/Tenofovir Disoproxil Fumarate;Generic;600/300/300mg;Tablet - FDC;30;19200;201600,00;10,50;0,35;Hetero Unit III Hyderabad IN;Yes;2719;4084,56;207,24
41222;Kenya;PMO - US;Direct Drop;EXW;Air;0;No;HRDT;HIV test;Orgenics, Ltd;HIV 1/2, Determine Complete HIV Kit, 100 Tests;HIV 1/2, Determine Complete HIV Kit;Determine;N/A;Test kit;100;6100;542900,00;89,00;0,89;Alere Medical Co., Ltd.;Yes;3497;40917,19;895,78
52354;Zambia;PMO - US;Direct Drop;EXW;Air;0;No;HRDT;HIV test;Orgenics, Ltd;HIV 1/2, Determine Complete HIV Kit, 100 Tests;HIV 1/2, Determine Complete HIV Kit;Determine;N/A;Test kit;100;1364;109120,00;80,00;0,80;Alere Medical Co., Ltd.;Yes;553;7845,09;112,18
28471;Nigeria;PMO - US;Direct Drop;EXW;Air;1;Yes;HRDT;HIV test;Orgenics, Ltd;HIV 1/2, Determine Complete HIV Kit, 100 Tests;HIV 1/2, Determine Complete HIV Kit;Determine;N/A;Test kit;100;2835;252315,00;89,00;0,89;Alere Medical Co., Ltd.;Yes;1352;31284,02;353,75
16901;Vietnam;PMO - US;Direct Drop;EXW;Air;0;No;ARV;Adult;Aurobindo Pharma Limited;Abacavir 300mg, tablets, 60 Tabs;Abacavir;Generic;300mg;Tablet;60;112;1618,40;14,45;0,24;Aurobindo Unit III, India;Yes;1701;4288,83;2,67
27238;Sudan;PMO - US;Direct Drop;EXW;Air;0;No;HRDT;HIV test;Trinity Biotech, Plc;HIV 1/2, Uni-Gold HIV Kit, 20 Tests;HIV 1/2, Uni-Gold HIV Kit;Uni-Gold;N/A;Test kit;20;53;1696,00;32,00;1,60;Trinity Biotech, Plc;Yes;18;569,11;2,80
9100;Nigeria;PMO - US;Direct Drop;EXW;Air;0;No;HRDT;HIV test;Orgenics, Ltd;HIV 1/2, Determine Complete HIV Kit, 100 Tests;HIV 1/2, Determine Complete HIV Kit;Determine;N/A;Test kit;100;1500;120000,00;80,00;0,80;Inverness Japan;Yes;445;7120,00;235,20
7183;Rwanda;PMO - US;Direct Drop;EXW;Air;0;No;HRDT;HIV test;Premier Medical Corporation Ltd.;HIV 1/2/O, First Response HIV 1-2.0, v.3.0 Cards Kit, 30 Tests;HIV 1/2/O, First Response HIV 1-2.0, v.3.0 Cards Kit;First Response;N/A;Test kit;30;6180;101970,00;16,50;0,55;Premier Med. Corp Ltd. India;Yes;2130;17331,66;163,15
16784;Vietnam;PMO - US;Direct Drop;EXW;Air;0;No;ARV;Adult;HETERO LABS LIMITED;Tenofovir Disoproxil Fumarate 300mg, tablets, 30 Tabs;Tenofovir Disoproxil Fumarate;Generic;300mg;Tablet;30;34640;122972,00;3,55;0,12;Hetero Unit III Hyderabad IN;Yes;2804;9759,55;152,12
75595;Haiti;PMO - US;Direct Drop;EXW;Air;0;No;MRDT;Malaria;Standard Diagnostics, Inc.;Malaria Antigen P.f , HRP2, Kit, 25 Tests;Malaria Antigen P.f , HRP2, Kit;Generic;N/A;Test kit;25;4;45,00;11,25;0,45;Standard Diagnostics, Korea;Yes;2;702,42;0,06
78576;Cªte d'Ivoire;PMO - US;Direct Drop;EXW;Air;0;No;HRDT;HIV test;Orgenics, Ltd;HIV 1/2, Determine HIV Kit, without Lancets, 100 Tests;HIV 1/2, Determine HIV Kit, without Lancets;Determine;N/A;Test kit;100;3500;245000,00;70,00;0,70;Inverness Japan;Yes;794;12506,12;528,22
23957;Vietnam;PMO - US;Direct Drop;EXW;Air;0;No;ARV;Adult;HETERO LABS LIMITED;Efavirenz/Lamivudine/Tenofovir Disoproxil Fumarate 600/300/300mg, tablets, 30 Tabs;Efavirenz/Lamivudine/Tenofovir Disoproxil Fumarate;Generic;600/300/300mg;Tablet - FDC;30;19200;201600,00;10,50;0,35;Hetero Unit III Hyderabad IN;Yes;2877;4312,92;207,24
47937;Vietnam;PMO - US;Direct Drop;EXW;Air;0;No;ARV;Adult;HETERO LABS LIMITED;Efavirenz/Lamivudine/Tenofovir Disoproxil Fumarate 600/300/300mg, tablets, 30 Tabs;Efavirenz/Lamivudine/Tenofovir Disoproxil Fumarate;Generic;600/300/300mg;Tablet - FDC;30;24192;254016,00;10,50;0,35;Hetero Unit III Hyderabad IN;Yes;3385;8764,53;314,22
16232;Haiti;PMO - US;Direct Drop;EXW;Air;0;No;ARV;Pediatric;Aurobindo Pharma Limited;Nevirapine 50mg, dispersible tablets (tablets for oral suspension), 30 Tabs;Nevirapine;Generic;50mg;Chewable/dispersible tablet;30;2894;3617,50;1,25;0,04;Aurobindo Unit III, India;Yes;1486;12749,39;5,07
32402;Ghana;PMO - US;Direct Drop;EXW;Air;0;No;ARV;Pediatric;Aurobindo Pharma Limited;Lamivudine 10mg/ml, oral solution, Bottle, 240 ml;Lamivudine;Generic;10mg/ml;Oral solution;240;1905;2724,15;1,43;0,01;Aurobindo Unit III, India;Yes;786;4304,34;2,80
19263;Tanzania;PMO - US;Direct Drop;EXW;Air;0;No;HRDT;HIV test;Orgenics, Ltd;HIV 1/2, Determine Complete HIV Kit, 100 Tests;HIV 1/2, Determine Complete HIV Kit;Determine;N/A;Test kit;100;1500;120000,00;80,00;0,80;Inverness Japan;Yes;714;13836,99;198,00
1618;Mozambique;PMO - US;Direct Drop;EXW;Air;0;No;HRDT;HIV test;Trinity Biotech, Plc;HIV 1/2, Uni-Gold HIV Kit, 20 Tests;HIV 1/2, Uni-Gold HIV Kit;Uni-Gold;N/A;Test kit;20;9000;288000,00;32,00;1,60;Trinity Biotech, Plc;Yes;9000;55746,59;460,80
20264;Rwanda;PMO - US;Direct Drop;EXW;Air;0;No;HRDT;HIV test;SHANGHAI KEHUA BIOENGINEERING CO.,LTD.  (KHB);HIV 1/2, SKB Colloidal Gold, Diagnostic Kit, Antibody, 50 Tests;HIV 1/2, Colloidal Gold, Diagnostic Kit, Antibody;Colloidal Gold;N/A;Test kit;1;2988;73206,00;24,50;24,50;KHB Test Kit Facility, Shanghai China;Yes;1992;26266,34;90,56
41238;Afghanistan;PMO - US;Direct Drop;EXW;Air;0;No;ANTM;Malaria;IMRES B.V.;Quinine 600mg/2ml (as dihydrochloride), injection, 2ml x 100 Ampules;Quinine (as dihydrochloride);Generic;600mg/2ml;Injection;100;32;800,00;25,00;0,25;Gland Pharma, Hyderabad, IN;Yes;68;555,49;0,94
64021;Botswana;PMO - US;Direct Drop;EXW;Air;0;No;HRDT;HIV test;SHANGHAI KEHUA BIOENGINEERING CO.,LTD.  (KHB);HIV 1/2, SKB Colloidal Gold, Diagnostic Kit, Antibody, 50 Tests;HIV 1/2, Colloidal Gold, Diagnostic Kit, Antibody;Colloidal Gold;N/A;Test kit;1;1600;39200,00;24,50;24,50;KHB Test Kit Facility, Shanghai China;Yes;1111;8542,94;54,96
69925;Kenya;PMO - US;Direct Drop;EXW;Air;0;No;HRDT;HIV test;Standard Diagnostics, Inc.;HIV 1/2, Bioline 3.0 Kit, Lancets, Capillary pipets, Alcohol swabs included, 25 Tests;HIV 1/2, Bioline 3.0 Kit, Lancets, Capillary pipets, Alcohol swabs included;Bioline;N/A;Test kit;25;15304;306080,00;20,00;0,80;Standard Diagnostics, Korea;Yes;5102;33718,08;505,03
17717;Guyana;PMO - US;Direct Drop;EXW;Air;0;No;ARV;Adult;HETERO LABS LIMITED;Emtricitabine/Tenofovir Disoproxil Fumarate 200/300mg, tablets, 30 Tabs;Emtricitabine/Tenofovir Disoproxil Fumarate;Generic;200/300mg;Tablet - FDC;30;3715;20766,85;5,59;0,19;Hetero Unit III Hyderabad IN;Yes;385;3248,60;24,44
16496;Tanzania;PMO - US;Direct Drop;EXW;Air;0;No;ARV;Adult;HETERO LABS LIMITED;Zidovudine 300mg, tablets, 60 Tabs;Zidovudine;Generic;300mg;Tablet;60;63200;347600,00;5,50;0,09;Hetero Unit III Hyderabad IN;Yes;4007;23397,41;357,33
62113;Cªte d'Ivoire;PMO - US;Direct Drop;CIP;Air;0;No;ARV;Pediatric;MERCK SHARP & DOHME IDEA GMBH (FORMALLY MERCK SHARP & DOHME B.V.);Efavirenz 30mg/ml [Stocrin/Sustiva], oral solution, Bottle, 180 ml;Efavirenz;Stocrin/Sustiva;30mg/ml;Oral solution;180;5196;88124,16;16,96;0,09;MSD, Haarlem, NL;Yes;1489;2093,31;190,00
23445;Cªte d'Ivoire;PMO - US;Direct Drop;EXW;Air;0;No;ARV;Adult;MYLAN LABORATORIES LTD (FORMERLY MATRIX LABORATORIES);Atazanavir/Ritonavir 300/100mg, tablets, 30 Tabs;Atazanavir/Ritonavir;Generic;300/100mg;Tablet;30;2100;42000,00;20,00;0,67;Mylan (formerly Matrix) Nashik;Yes;293;3316,79;51,95
75229;Zambia;PMO - US;Direct Drop;EXW;Air;0;No;HRDT;HIV test;Trinity Biotech, Plc;HIV 1/2, Uni-Gold HIV Kit, 20 Tests;HIV 1/2, Uni-Gold HIV Kit;Uni-Gold;N/A;Test kit;20;5000;160000,00;32,00;1,60;Trinity Biotech, Plc;Yes;1647;20626,58;264,00
28673;South Africa;PMO - US;Direct Drop;DDP;Ocean;1;Yes;ARV;Adult;Aurobindo Pharma Limited;Efavirenz 600mg, tablets, 30 Tabs;Efavirenz;Generic;600mg;Tablet;30;119251;508009,26;4,26;0,14;Aurobindo Unit III, India;Yes;9461;7292,27;838,22
70619;Vietnam;PMO - US;Direct Drop;EXW;Air;0;No;ARV;Adult;HETERO LABS LIMITED;Lamivudine 150mg, tablets, 60 Tabs;Lamivudine;Generic;150mg;Tablet;60;27634;58031,40;2,10;0,04;Hetero Unit III Hyderabad IN;Yes;1616;3147,88;81,36
50758;Tanzania;PMO - US;Direct Drop;EXW;Air;0;No;HRDT;HIV test;Standard Diagnostics, Inc.;HIV 1/2, Bioline 3.0 Kit, (no accessories), 30 Tests;HIV 1/2, Bioline 3.0 Kit (no accessories);Bioline;N/A;Test kit;30;11990;287760,00;24,00;0,80;Standard Diagnostics, Korea;Yes;3997;28620,81;564,01
38192;Nigeria;PMO - US;Direct Drop;EXW;Air;0;No;HRDT;HIV test;Orgenics, Ltd;HIV 1/2, Determine Complete HIV Kit, 100 Tests;HIV 1/2, Determine Complete HIV Kit;Determine;N/A;Test kit;100;2744;244216,00;89,00;0,89;Alere Medical Co., Ltd.;Yes;1186;24927,19;342,39
23283;South Africa;PMO - US;Direct Drop;DDP;Air;1;Yes;ARV;Adult;Aurobindo Pharma Limited;Lamivudine 150mg, tablets, 60 Tabs;Lamivudine;Generic;150mg;Tablet;60;2004;5070,12;2,53;0,04;Aurobindo Unit III, India;Yes;3;1791,41;10,93
2767;Vietnam;PMO - US;Direct Drop;CIP;Air;0;No;ARV;Pediatric;BRISTOL-MYERS SQUIBB;Didanosine 25mg [Videx], chewable tablets, 60 Tabs;Didanosine;Videx;25mg;Chewable/dispersible tablet;60;800;5600,00;7,00;0,12;BMS Meymac, France;Yes;161;2514,05;8,96
5658;Uganda;PMO - US;Direct Drop;EXW;Air;0;No;HRDT;HIV test;Trinity Biotech, Plc;HIV 1/2, Uni-Gold HIV Kit, 20 Tests;HIV 1/2, Uni-Gold HIV Kit;Uni-Gold;N/A;Test kit;20;85;2720,00;32,00;1,60;Trinity Biotech, Plc;Yes;85;1253,98;4,35
67753;Tanzania;PMO - US;Direct Drop;EXW;Air;0;No;ARV;Pediatric;EMCURE PHARMACEUTICALS LTD;Atazanavir 150mg, capsules, 60 Caps;Atazanavir;Generic;150mg;Capsule;60;1028;22616,00;22,00;0,37;Emcure Plot No.P-2, I.T-B.T. Park, Phase II, MIDC, Hinjwadi, Pune, India;Yes;107;1794,89;37,32
36913;Guyana;PMO - US;Direct Drop;EXW;Air;0;No;HRDT;HIV test;Trinity Biotech, Plc;HIV 1/2, Uni-Gold HIV Kit, 20 Tests;HIV 1/2, Uni-Gold HIV Kit;Uni-Gold;N/A;Test kit;20;1470;47040,00;32,00;1,60;Trinity Biotech, Plc;Yes;500;5255,14;101,42
75799;Ghana;PMO - US;Direct Drop;EXW;Air;0;No;ARV;Adult;Aurobindo Pharma Limited;Lopinavir/Ritonavir 200/50mg, tablets, 120 Tabs;Lopinavir/Ritonavir;Generic;200/50mg;Tablet;120;3393;73967,40;21,80;0,18;Aurobindo Unit III, India;Yes;915;6006,37;76,04
25477;Uganda;PMO - US;Direct Drop;CIP;Air;0;No;ARV;Adult;MERCK SHARP & DOHME IDEA GMBH (FORMALLY MERCK SHARP & DOHME B.V.);Raltegravir 400mg [Isentress], tablets, 60 Tabs;Raltegravir;Isentress;400mg;Tablet;60;274;25071,00;91,50;1,52;MSD, Haarlem, NL;Yes;28;501,00;41,37
46942;South Africa;PMO - US;Direct Drop;DDP;Air;0;No;ARV;Adult;CIPLA LIMITED;Abacavir 300mg, tablets, 60 Tabs;Abacavir;Generic;300mg;Tablet;60;10000;172800,00;17,28;0,29;Cipla, Patalganga, India;Yes;1087;2531,30;372,56
78314;Rwanda;PMO - US;Direct Drop;EXW;Air;0;No;HRDT;HIV test;Orgenics, Ltd;HIV 1/2, Determine HIV Kit, without Lancets, 100 Tests;HIV 1/2, Determine HIV Kit, without Lancets;Determine;N/A;Test kit;100;5000;388500,00;77,70;0,78;Inverness Japan;Yes;1134;15367,03;837,61
17135;Tanzania;PMO - US;Direct Drop;EXW;Air;0;No;HRDT;HIV test;Standard Diagnostics, Inc.;HIV 1/2, Determine Complete HIV Kit, 100 Tests;HIV 1/2, Determine Complete HIV Kit;Determine;N/A;Test kit;100;3053;0,00;0,00;0,00;Alere Medical Co., Ltd.;Yes;1265;21384,75;0,00
22620;Namibia;PMO - US;Direct Drop;EXW;Air;0;No;ARV;Adult;HETERO LABS LIMITED;Lamivudine/Tenofovir Disoproxil Fumarate 300/300mg, tablets, 30 Tabs;Lamivudine/Tenofovir Disoproxil Fumarate;Generic;300/300mg;Tablet - FDC;30;24096;111323,52;4,62;0,15;Hetero Unit III Hyderabad IN;Yes;2630;12463,74;114,44
61306;Zambia;PMO - US;Direct Drop;EXW;Air;0;No;HRDT;HIV test;Trinity Biotech, Plc;HIV 1/2, Uni-Gold HIV Kit, 20 Tests;HIV 1/2, Uni-Gold HIV Kit;Uni-Gold;N/A;Test kit;20;3500;112000,00;32,00;1,60;Trinity Biotech, Plc;Yes;1224;15670,60;184,80
55504;Ethiopia;PMO - US;Direct Drop;EXW;Air;0;No;HRDT;HIV test;Trinity Biotech, Plc;HIV 1/2, Uni-Gold HIV Kit, 20 Tests;HIV 1/2, Uni-Gold HIV Kit;Uni-Gold;N/A;Test kit;20;27;864,00;32,00;1,60;Trinity Biotech, Plc;Yes;10;490,23;1,21
69366;Ethiopia;PMO - US;Direct Drop;EXW;Air;0;No;ARV;Adult;Aurobindo Pharma Limited;Didanosine 400mg, delayed-release capsules, 30 Caps;Didanosine;Generic;400mg;Delayed-release capsules;30;500;10000,00;20,00;0,67;Aurobindo Unit III, India;Yes;39;516,35;21,56
54666;Uganda;PMO - US;Direct Drop;CIP;Air;0;No;ARV;Adult;MYLAN LABORATORIES LTD (FORMERLY MATRIX LABORATORIES);Abacavir/Lamivudine 600/300mg, tablets, 30 Tabs;Abacavir/Lamivudine;Generic;600/300mg;Tablet - FDC;30;8215;110820,35;13,49;0,45;Mylan (formerly Matrix) Nashik;Yes;805;1003,18;137,08
8909;Botswana;PMO - US;Direct Drop;EXW;Air;0;No;HRDT;HIV test;Orasure Technologies Inc.;HIV 1/2, OraQuick Advance HIV Rapid Antibody Kit, 100 Tests;HIV 1/2, OraQuick Advance HIV Rapid Antibody Kit;OraQuick;N/A;Test kit;100;5;1750,00;350,00;3,50;Pacific Biotech, Thailand;Yes;12;810,85;3,43
65219;Zimbabwe;PMO - US;Direct Drop;EXW;Air;0;No;HRDT;HIV test;Orgenics, Ltd;HIV 1/2, Determine Complete HIV Kit, 100 Tests;HIV 1/2, Determine Complete HIV Kit;Determine;N/A;Test kit;100;1800;144000,00;80,00;0,80;Alere Medical Co., Ltd.;Yes;885;17806,34;237,60
33450;Zimbabwe;PMO - US;Direct Drop;EXW;Air;0;No;HRDT;HIV test;Orgenics, Ltd;HIV 1/2, Determine Complete HIV Kit, 100 Tests;HIV 1/2, Determine Complete HIV Kit;Determine;N/A;Test kit;100;1967;157360,00;80,00;0,80;Inverness Japan;Yes;1004;18612,64;259,64
10503;Zambia;PMO - US;Direct Drop;EXW;Air;0;No;HRDT;HIV test;Orgenics, Ltd;HIV 1/2, Determine Complete HIV Kit, 100 Tests;HIV 1/2, Determine Complete HIV Kit;Determine;N/A;Test kit;100;2500;180000,00;72,00;0,72;Inverness Japan;Yes;740;7513,71;388,08
66641;South Africa;PMO - US;Direct Drop;DDP;Air;0;No;ARV;Pediatric;Aurobindo Pharma Limited;Nevirapine 10mg/ml, oral suspension w/syringe, Bottle, 240 ml;Nevirapine;Generic;10mg/ml;Oral suspension;240;19050;60007,50;3,15;0,01;Aurobindo Unit III, India;Yes;7349;4876,34;129,38
68878;Ethiopia;PMO - US;Direct Drop;EXW;Air;0;No;HRDT;HIV test;CHEMBIO DIAGNOSTIC SYSTEMS, INC.;HIV 1/2, Stat-Pak HIV, Kit, 20 Tests;HIV 1/2, Stat-Pak HIV, Kit;Stat-Pak;N/A;Test kit;20;545;16895,00;31,00;1,55;Chembio Diagnostics Sys. Inc.;Yes;204;1219,85;27,88
37960;Zimbabwe;PMO - US;Direct Drop;FCA;Air;0;No;ARV;Pediatric;ABBVIE LOGISTICS (FORMERLY ABBOTT LOGISTICS BV);Lopinavir/Ritonavir 80/20mg/ml [Kaletra], oral solution, cool, Bottle 5 x 60 ml;Lopinavir/Ritonavir;Kaletra;80/20mg/ml;Oral solution;300;1500;46230,00;30,82;0,10;ABBVIE (Abbott) Logis. UK;Yes;1374;21730,49;64,81
79325;Cªte d'Ivoire;PMO - US;Direct Drop;EXW;Air;0;No;HRDT;HIV test;Orgenics, Ltd;HIV 1/2, Determine Complete HIV Kit, 100 Tests;HIV 1/2, Determine Complete HIV Kit;Determine;N/A;Test kit;100;3135;250800,00;80,00;0,80;Alere Medical Co., Ltd.;Yes;1272;16856,60;257,82
16097;Tanzania;PMO - US;Direct Drop;CIP;Air;0;No;ARV;Adult;BRISTOL-MYERS SQUIBB;Didanosine EC 250mg [Videx EC], delayed-release capsules, Blister 3 x 10 Caps;Didanosine EC;Videx EC;250mg;Delayed-release capsules - blister;30;18544;340096,96;18,34;0,61;BMS Meymac, France;Yes;1478;1312,20;666,59
59046;South Africa;PMO - US;Direct Drop;DDP;Ocean;0;No;ARV;Pediatric;Aurobindo Pharma Limited;Lamivudine 10mg/ml, oral solution w/syringe, Bottle, 240 ml;Lamivudine;Generic;10mg/ml;Oral solution;240;45000;95400,00;2,12;0,01;Aurobindo Unit III, India;Yes;16260;17060,14;205,68
92;Nigeria;PMO - US;Direct Drop;EXW;Air;0;No;HRDT;HIV test;Abbott GmbH & Co. KG;HIV 1/2, Determine Complete HIV Kit, 100 Tests;HIV 1/2, Determine Complete HIV Kit;Determine;N/A;Test kit;100;1000;80000,00;80,00;0,80;ABBVIE GmbH & Co.KG Wiesbaden;Yes;341;2682,47;128,00
28515;South Africa;PMO - US;Direct Drop;DDP;Ocean;1;Yes;ARV;Pediatric;Aurobindo Pharma Limited;Nevirapine 10mg/ml, oral suspension w/syringe, Bottle, 240 ml;Nevirapine;Generic;10mg/ml;Oral suspension;240;14065;29817,80;2,12;0,01;Aurobindo Unit III, India;Yes;6196;1220,84;64,29
71308;Botswana;PMO - US;Direct Drop;EXW;Air;0;No;HRDT;HIV test - Ancillary;Orasure Technologies Inc.;#109435**HIV, OraQuick Controls Kit, 3 Vials;HIV, OraQuick Controls Kit, 3 Vials;OraQuick;N/A;Test kit - Ancillary;3;10;250,00;25,00;8,33;Orasure Technologies, Inc USA;Yes;7;403,66;0,49
399;Guyana;PMO - US;Direct Drop;EXW;Air;0;No;HRDT;HIV test - Ancillary;Orgenics, Ltd;HIV, Lancet, Safety, for HIV Test kits, 100 Pcs;HIV, Lancet, Safety, for HIV Test kits, 100 Pcs;Generic;N/A;Test kit - Ancillary;100;213;2,13;0,01;0,00;Inverness Japan;Yes;14;360,00;0,00
70511;Cªte d'Ivoire;PMO - US;Direct Drop;EXW;Air;0;No;ARV;Pediatric;Aurobindo Pharma Limited;Didanosine 200mg, delayed-release capsules, 30 Caps;Didanosine;Generic;200mg;Delayed-release capsules;30;827;9097,00;11,00;0,37;Aurobindo Unit III, India;Yes;72;1721,91;9,35
66349;South Sudan;PMO - US;Direct Drop;EXW;Air;0;No;HRDT;HIV test;Trinity Biotech, Plc;HIV 1/2, Uni-Gold HIV Kit, 20 Tests;HIV 1/2, Uni-Gold HIV Kit;Uni-Gold;N/A;Test kit;20;240;7680,00;32,00;1,60;Trinity Biotech, Plc;Yes;82;1504,59;10,77
54035;Haiti;PMO - US;Direct Drop;EXW;Air;0;No;ARV;Adult;Aurobindo Pharma Limited;Didanosine 400mg, delayed-release capsules, 30 Caps;Didanosine;Generic;400mg;Delayed-release capsules;30;48;960,00;20,00;0,67;Aurobindo Unit III, India;Yes;4;970,79;1,35
52704;Uganda;PMO - US;Direct Drop;EXW;Air;0;No;ARV;Pediatric;EMCURE PHARMACEUTICALS LTD;Atazanavir 150mg, capsules, 60 Caps;Atazanavir;Generic;150mg;Capsule;60;384;10018,56;26,09;0,43;Emcure Plot No.P-2, I.T-B.T. Park, Phase II, MIDC, Hinjwadi, Pune, India;Yes;40;990,07;19,64
54251;Guyana;PMO - US;Direct Drop;EXW;Air;0;No;ARV;Adult;Aurobindo Pharma Limited;Lopinavir/Ritonavir 200/50mg, tablets, 120 Tabs;Lopinavir/Ritonavir;Generic;200/50mg;Tablet;120;954;22896,00;24,00;0,20;Aurobindo Unit III, India;Yes;243;2492,47;32,10
51034;Nigeria;PMO - US;Direct Drop;EXW;Air;0;No;HRDT;HIV test;Orgenics, Ltd;HIV 1/2, Determine Complete HIV Kit, 100 Tests;HIV 1/2, Determine Complete HIV Kit;Determine;N/A;Test kit;100;898;79922,00;89,00;0,89;Alere Medical Co., Ltd.;Yes;364;6522,64;98,86
65308;Nigeria;PMO - US;Direct Drop;EXW;Air;1;Yes;HRDT;HIV test;Orgenics, Ltd;HIV 1/2, Determine Complete HIV Kit, 100 Tests;HIV 1/2, Determine Complete HIV Kit;Determine;N/A;Test kit;100;1750;140000,00;80,00;0,80;Inverness Japan;Yes;842;14829,77;301,84
51165;Zambia;PMO - US;Direct Drop;EXW;Air;0;No;HRDT;HIV test;Trinity Biotech, Plc;HIV 1/2, Uni-Gold HIV Kit, 20 Tests;HIV 1/2, Uni-Gold HIV Kit;Uni-Gold;N/A;Test kit;20;10500;336000,00;32,00;1,60;Trinity Biotech, Plc;Yes;3445;39662,72;415,63
57392;Uganda;PMO - US;Direct Drop;EXW;Air;0;No;ARV;Adult;HETERO LABS LIMITED;Nevirapine 200mg, tablets, 60 Tabs;Nevirapine;Generic;200mg;Tablet;60;40860;95612,40;2,34;0,04;Hetero Unit III Hyderabad IN;Yes;12945;48653,36;134,05
32422;Vietnam;PMO - US;Direct Drop;EXW;Air;0;No;ARV;Adult;HETERO LABS LIMITED;Efavirenz/Lamivudine/Tenofovir Disoproxil Fumarate 600/300/300mg, tablets, 30 Tabs;Efavirenz/Lamivudine/Tenofovir Disoproxil Fumarate;Generic;600/300/300mg;Tablet - FDC;30;24556;257838,00;10,50;0,35;Hetero Unit III Hyderabad IN;Yes;3443;6323,76;318,95
63826;Cªte d'Ivoire;PMO - US;Direct Drop;FCA;Air;0;No;ARV;Pediatric;ABBVIE LOGISTICS (FORMERLY ABBOTT LOGISTICS BV);Lopinavir/Ritonavir 80/20mg/ml [Kaletra], oral solution, cool, Bottle 5 x 60 ml;Lopinavir/Ritonavir;Kaletra;80/20mg/ml;Oral solution;300;340;10478,80;30,82;0,10;ABBVIE (Abbott) Logis. UK;Yes;336;3899,33;12,96
67090;Haiti;PMO - US;Direct Drop;EXW;Air;0;No;ARV;Adult;STRIDES ARCOLAB LIMITED;Efavirenz 600mg, tablets, 30 Tabs;Efavirenz;Generic;600mg;Tablet;30;28080;89575,20;3,19;0,11;Strides, Bangalore, India.;Yes;1772;11656,59;110,80
43136;Kenya;PMO - US;Direct Drop;EXW;Air;0;No;HRDT;HIV test;Orgenics, Ltd;HIV 1/2, Determine Complete HIV Kit, 100 Tests;HIV 1/2, Determine Complete HIV Kit;Determine;N/A;Test kit;100;3000;240000,00;80,00;0,80;Inverness Japan;Yes;907;9014,80;470,40
39589;Haiti;PMO - US;Direct Drop;EXW;Air;0;No;ARV;Adult;CIPLA LIMITED;Lamivudine/Tenofovir Disoproxil Fumarate 300/300mg, tablets, 30 Tabs;Lamivudine/Tenofovir Disoproxil Fumarate;Generic;300/300mg;Tablet - FDC;30;8806;40419,54;4,59;0,15;Cipla, Kurkumbh, India;Yes;979;6161,47;41,55
31332;Congo, DRC;PMO - US;Direct Drop;EXW;Air;0;No;ANTM;Malaria;IMRES B.V.;Sulfadoxine/Pyrimethamine 500/25mg, tablets, 1000 Tabs;Sulfadoxine/Pyrimethamine;Generic;500/25mg;Tablet - FDC;1000;1370;37401,00;27,30;0,03;Guilin OSD site, No 17, China;Yes;1125;9693,68;38,45
33360;Haiti;PMO - US;Direct Drop;CIP;Air;0;No;ARV;Adult;ETHNOR DEL ISTMO S.A.;Darunavir 300mg [Prezista], tablets, 120 Tabs;Darunavir;Prezista;300mg;Tablet;120;120;7992,00;66,60;0,55;Janssen Ortho LLC, Puerto Rico;Yes;26;240,00;9,89
29979;Vietnam;PMO - US;Direct Drop;EXW;Air;0;No;ARV;Adult;MYLAN LABORATORIES LTD (FORMERLY MATRIX LABORATORIES);Abacavir 300mg, tablets, 60 Tabs;Abacavir;Generic;300mg;Tablet;60;270;4050,00;15,00;0,25;Mylan (formerly Matrix) Nashik;Yes;358;5294,24;8,73
17200;Haiti;PMO - US;Direct Drop;EXW;Air;0;No;ARV;Adult;MYLAN LABORATORIES LTD (FORMERLY MATRIX LABORATORIES);Atazanavir/Ritonavir 300/100mg, tablets, 30 Tabs;Atazanavir/Ritonavir;Generic;300/100mg;Tablet;30;5000;100000,00;20,00;0,67;Mylan (formerly Matrix) Nashik;Yes;670;4909,72;123,70
66383;Uganda;PMO - US;Direct Drop;EXW;Air;0;No;ARV;Pediatric;Aurobindo Pharma Limited;Nevirapine 50mg, dispersible tablets (tablets for oral suspension), 30 Tabs;Nevirapine;Generic;50mg;Chewable/dispersible tablet;30;961;1201,25;1,25;0,04;Aurobindo Unit III, India;Yes;53;1203,40;1,49
68268;Ethiopia;PMO - US;Direct Drop;FCA;Air;0;No;ARV;Pediatric;ABBVIE LOGISTICS (FORMERLY ABBOTT LOGISTICS BV);Lopinavir/Ritonavir 80/20mg/ml [Kaletra], oral solution, cool, Bottle 5 x 60 ml;Lopinavir/Ritonavir;Kaletra;80/20mg/ml;Oral solution;300;699;21543,18;30,82;0,10;ABBVIE (Abbott) Logis. UK;Yes;728;6941,12;30,20
937;Mozambique;PMO - US;Direct Drop;EXW;Air;0;No;HRDT;HIV test;Trinity Biotech, Plc;HIV 1/2, Uni-Gold HIV Kit, 20 Tests;HIV 1/2, Uni-Gold HIV Kit;Uni-Gold;N/A;Test kit;20;5700;182400,00;32,00;1,60;Trinity Biotech, Plc;Yes;1906;23914,80;357,50
6106;Ethiopia;PMO - US;Direct Drop;EXW;Air;0;No;HRDT;HIV test;CHEMBIO DIAGNOSTIC SYSTEMS, INC.;HIV 1/2, Stat-Pak HIV, Kit, 20 Tests;HIV 1/2, Stat-Pak HIV, Kit;Stat-Pak;N/A;Test kit;20;8964;242028,00;27,00;1,35;Chembio Diagnostics Sys. Inc.;Yes;3231;15619,20;474,37
52636;Haiti;PMO - US;Direct Drop;EXW;Ocean;0;No;ARV;Pediatric;Aurobindo Pharma Limited;Nevirapine 10mg/ml, oral suspension w/syringe, Bottle, 240 ml;Nevirapine;Generic;10mg/ml;Oral suspension;240;2040;3080,40;1,51;0,01;Aurobindo Unit III, India;Yes;820;2214,69;3,81
68096;Vietnam;PMO - US;Direct Drop;EXW;Air;0;No;ARV;Adult;MYLAN LABORATORIES LTD (FORMERLY MATRIX LABORATORIES);Zidovudine 300mg, tablets, 60 Tabs;Zidovudine;Generic;300mg;Tablet;60;840;6300,00;7,50;0,12;Mylan (formerly Matrix) Nashik;Yes;57;8747,56;12,35
44778;Cªte d'Ivoire;PMO - US;Direct Drop;CIP;Air;0;No;ARV;Pediatric;MERCK SHARP & DOHME IDEA GMBH (FORMALLY MERCK SHARP & DOHME B.V.);Efavirenz 30mg/ml [Stocrin/Sustiva], oral solution, Bottle, 180 ml;Efavirenz;Stocrin/Sustiva;30mg/ml;Oral solution;180;3399;57647,04;16,96;0,09;MSD, Haarlem, NL;Yes;1014;2093,32;95,12
22658;Rwanda;PMO - US;Direct Drop;EXW;Air;0;No;ARV;Adult;Aurobindo Pharma Limited;Didanosine 400mg, delayed-release capsules, 30 Caps;Didanosine;Generic;400mg;Delayed-release capsules;30;150;3000,00;20,00;0,67;Aurobindo Unit III, India;Yes;197;5906,43;4,95
79618;Cªte d'Ivoire;PMO - US;Direct Drop;EXW;Air;0;No;HRDT;HIV test;Orgenics, Ltd;HIV 1/2, Determine Complete HIV Kit, 100 Tests;HIV 1/2, Determine Complete HIV Kit;Determine;N/A;Test kit;100;2943;235440,00;80,00;0,80;Alere Medical Co., Ltd.;Yes;1280;23270,25;291,24
7638;Tanzania;PMO - US;Direct Drop;FCA;Air;0;No;ARV;Adult;ABBVIE LOGISTICS (FORMERLY ABBOTT LOGISTICS BV);Lopinavir/Ritonavir 200/50mg [Aluvia], tablets, 120 Tabs;Lopinavir/Ritonavir;Aluvia;200/50mg;Tablet;120;12560;516216,00;41,10;0,34;ABBVIE Ludwigshafen Germany;Yes;3073;12815,42;1011,78
140;Tanzania;PMO - US;Direct Drop;EXW;Air;0;No;HRDT;HIV test;Standard Diagnostics, Inc.;HIV 1/2, Bioline 3.0 Kit, Lancets, Capillary pipets, Alcohol swabs included, 25 Tests;HIV 1/2, Bioline 3.0 Kit, Lancets, Capillary pipets, Alcohol swabs included;Bioline;N/A;Test kit;25;10000;200000,00;20,00;0,80;Standard Diagnostics, Korea;Yes;3335;28359,80;320,00
3848;Vietnam;PMO - US;Direct Drop;EXW;Air;0;No;ARV;Adult;MYLAN LABORATORIES LTD (FORMERLY MATRIX LABORATORIES);Efavirenz 600mg, tablets, 30 Tabs;Efavirenz;Generic;600mg;Tablet;30;6552;42588,00;6,50;0,22;Mylan (formerly Matrix) Nashik;Yes;524;4453,71;83,47
22761;Congo, DRC;PMO - US;Direct Drop;EXW;Air;0;No;ARV;Pediatric;Aurobindo Pharma Limited;Didanosine 200mg, delayed-release capsules, 30 Caps;Didanosine;Generic;200mg;Delayed-release capsules;30;1100;12100,00;11,00;0,37;Aurobindo Unit III, India;Yes;95;2453,16;12,44
69683;Tanzania;PMO - US;Direct Drop;EXW;Air;0;No;HRDT;HIV test;Standard Diagnostics, Inc.;HIV 1/2, Bioline 3.0 Kit, Lancets, Capillary pipets, Alcohol swabs included, 25 Tests;HIV 1/2, Bioline 3.0 Kit, Lancets, Capillary pipets, Alcohol swabs included;Bioline;N/A;Test kit;25;10000;200000,00;20,00;0,80;Standard Diagnostics, Korea;Yes;3334;23623,43;330,00
14348;Nigeria;PMO - US;Direct Drop;EXW;Air;0;No;HRDT;HIV test;Orgenics, Ltd;HIV 1/2, Determine Complete HIV Kit, 100 Tests;HIV 1/2, Determine Complete HIV Kit;Determine;N/A;Test kit;100;2044;181916,00;89,00;0,89;Inverness Japan;Yes;976;26014,88;300,16
30412;Kenya;PMO - US;Direct Drop;EXW;Air;0;No;HRDT;HIV test;Premier Medical Corporation Ltd.;HIV 1/2/O, First Response HIV 1-2.0, v.3.0 Cards Kit, 30 Tests;HIV 1/2/O, First Response HIV 1-2.0, v.3.0 Cards Kit;First Response;N/A;Test kit;30;50;1170,00;23,40;0,78;Premier Med. Corp Ltd. India;Yes;18;2644,79;1,64
32521;Dominican Republic;PMO - US;Direct Drop;EXW;Air;0;No;ARV;Adult;Aurobindo Pharma Limited;Lopinavir/Ritonavir 200/50mg, tablets, 120 Tabs;Lopinavir/Ritonavir;Generic;200/50mg;Tablet;120;2508;87780,00;35,00;0,29;Aurobindo Unit III, India;Yes;645;5002,73;144,84
62814;Zambia;PMO - US;Direct Drop;EXW;Air;0;No;ARV;Adult;Aurobindo Pharma Limited;Lamivudine 150mg, tablets, 60 Tabs;Lamivudine;Generic;150mg;Tablet;60;20000;43000,00;2,15;0,04;Aurobindo Unit III, India;Yes;980;6020,81;44,20
960;Vietnam;PMO - US;Direct Drop;EXW;Air;0;No;ARV;Adult;Aurobindo Pharma Limited;Lamivudine/Zidovudine 150/300mg, tablets, 60 Tabs;Lamivudine/Zidovudine;Generic;150/300mg;Tablet - FDC;60;5964;51350,04;8,61;0,14;Aurobindo Unit III, India;Yes;3509;12835,20;100,65
46590;Vietnam;PMO - US;Direct Drop;EXW;Air;0;No;ARV;Adult;MYLAN LABORATORIES LTD (FORMERLY MATRIX LABORATORIES);Efavirenz 600mg, tablets, 30 Tabs;Efavirenz;Generic;600mg;Tablet;30;63421;272710,30;4,30;0,14;Mylan (formerly Matrix) Nashik;Yes;5101;13241,08;587,96
45442;South Africa;PMO - US;Direct Drop;DDP;Ocean;0;No;ARV;Adult;Aurobindo Pharma Limited;Tenofovir Disoproxil Fumarate 300mg, tablets, 30 Tabs;Tenofovir Disoproxil Fumarate;Generic;300mg;Tablet;30;137130;911914,50;6,65;0,22;Aurobindo Unit III, India;Yes;45800;9726,53;1504,66
14409;South Africa;PMO - US;Direct Drop;DDP;Ocean;0;No;ARV;Adult;CIPLA LIMITED;Nevirapine 200mg, tablets, 60 Tabs;Nevirapine;Generic;200mg;Tablet;60;159000;443610,00;2,79;0,05;Cipla, Goa, India;Yes;16729;25199,31;956,42
81380;South Africa;PMO - US;Direct Drop;DDP;Air;0;No;ARV;Adult;Aurobindo Pharma Limited;Efavirenz 600mg, tablets, 30 Tabs;Efavirenz;Generic;600mg;Tablet;30;53234;248602,78;4,67;0,16;Aurobindo Unit III, India;Yes;4507;5886,96;535,99
81477;South Africa;PMO - US;Direct Drop;DDP;Ocean;0;No;ARV;Adult;Aurobindo Pharma Limited;Lamivudine 150mg, tablets, 60 Tabs;Lamivudine;Generic;150mg;Tablet;60;75000;181500,00;2,42;0,04;Aurobindo Unit III, India;Yes;2915;6012,42;391,31
72892;South Africa;PMO - US;Direct Drop;DDP;Ocean;1;Yes;ARV;Pediatric;Aurobindo Pharma Limited;Efavirenz 200mg, capsule, 90 Caps;Efavirenz;Generic;200mg;Capsule;90;17357;173222,86;9,98;0,11;Aurobindo Unit III, India;Yes;2301;4573,20;373,47
80329;Congo, DRC;PMO - US;Direct Drop;EXW;Air;0;No;ANTM;Malaria;AMSTELFARMA B.V.;Sulfadoxine/Pyrimethamine 500/25mg, tablets, 1000 Tabs;Sulfadoxine/Pyrimethamine;Generic;500/25mg;Tablet - FDC;1000;602;15230,60;25,30;0,03;Micro Labs, Hosur, India;Yes;488;7393,13;21,35
30494;Zambia;PMO - US;Direct Drop;EXW;Air;1;Yes;HRDT;HIV test;Orgenics, Ltd;HIV 1/2, Determine Complete HIV Kit, 100 Tests;HIV 1/2, Determine Complete HIV Kit;Determine;N/A;Test kit;100;6314;505120,00;80,00;0,80;Alere Medical Co., Ltd.;Yes;2561;35696,95;519,26
21556;Vietnam;PMO - US;Direct Drop;EXW;Air;0;No;ARV;Pediatric;Aurobindo Pharma Limited;Nevirapine 10mg/ml, oral suspension w/syringe, Bottle, 240 ml;Nevirapine;Generic;10mg/ml;Oral suspension;240;837;1548,45;1,85;0,01;Aurobindo Unit III, India;Yes;526;6368,02;1,92
55064;Ethiopia;PMO - US;Direct Drop;EXW;Air;0;No;HRDT;HIV test;Trinity Biotech, Plc;HIV 1/2, Uni-Gold HIV Kit, 20 Tests;HIV 1/2, Uni-Gold HIV Kit;Uni-Gold;N/A;Test kit;20;170;5440,00;32,00;1,60;Trinity Biotech, Plc;Yes;58;143,57;6,40
66967;South Africa;PMO - US;Direct Drop;DDP;Ocean;0;No;ARV;Adult;Aurobindo Pharma Limited;Tenofovir Disoproxil Fumarate 300mg, tablets, 30 Tabs;Tenofovir Disoproxil Fumarate;Generic;300mg;Tablet;30;116857;777099,05;6,65;0,22;Aurobindo Unit III, India;Yes;10907;7905,94;1675,43
20690;Zimbabwe;PMO - US;Direct Drop;FCA;Air;0;No;ARV;Pediatric;ABBVIE LOGISTICS (FORMERLY ABBOTT LOGISTICS BV);Lopinavir/Ritonavir 80/20mg/ml [Kaletra], oral solution, cool, Bottle 5 x 60 ml;Lopinavir/Ritonavir;Kaletra;80/20mg/ml;Oral solution;300;1083;39161,28;36,16;0,12;ABBVIE (Abbott) Logis. UK;Yes;1042;17912,60;84,43
62173;Tanzania;PMO - US;Direct Drop;EXW;Air;0;No;HRDT;HIV test;Orgenics, Ltd;HIV 1/2, Determine Complete HIV Kit, 100 Tests;HIV 1/2, Determine Complete HIV Kit;Determine;N/A;Test kit;100;1500;120000,00;80,00;0,80;Alere Medical Co., Ltd.;Yes;7500;19196,73;198,00
176;Nigeria;PMO - US;Direct Drop;EXW;Air;0;No;HRDT;HIV test;CHEMBIO DIAGNOSTIC SYSTEMS, INC.;HIV 1/2, Stat-Pak HIV, Kit, 20 Tests;HIV 1/2, Stat-Pak HIV, Kit;Stat-Pak;N/A;Test kit;20;10000;270000,00;27,00;1,35;Chembio Diagnostics Sys. Inc.;Yes;3263;20885,78;432,00
4947;Senegal;PMO - US;Direct Drop;EXW;Air;0;No;HRDT;HIV test;Orgenics, Ltd;HIV 1/2, ImmunoComb TriSpot Ag - Ab Kit, 36 Tests;HIV 1/2, ImmunoComb TriSpot Ag - Ab Kit;ImmunoComb;N/A;Test kit;36;80;6800,00;85,00;2,36;INVERNESS ORGENICS LINE;Yes;33;812,00;13,33
47301;Zimbabwe;PMO - US;Direct Drop;EXW;Air;0;No;ARV;Pediatric;MYLAN LABORATORIES LTD (FORMERLY MATRIX LABORATORIES);Lamivudine/Nevirapine/Zidovudine 30/50/60mg, dispersible tablets, 60 Tabs;Lamivudine/Nevirapine/Zidovudine;Generic;30/50/60mg;Chewable/dispersible tablet - FDC;60;814;0,01;0,00;0,00;Mylan (formerly Matrix) Nashik;Yes;60;1344,94;0,00
41302;Haiti;PMO - US;Direct Drop;EXW;Air;0;No;ARV;Adult;MYLAN LABORATORIES LTD (FORMERLY MATRIX LABORATORIES);Efavirenz/Lamivudine/Tenofovir Disoproxil Fumarate 600/300/300mg, tablets, 30 Tabs;Efavirenz/Lamivudine/Tenofovir Disoproxil Fumarate;Generic;600/300/300mg;Tablet - FDC;30;75000;768000,00;10,24;0,34;Mylan (formerly Matrix) Nashik;Yes;9057;55886,43;789,50
29281;Kenya;PMO - US;Direct Drop;EXW;Air;0;No;HRDT;HIV test;Orgenics, Ltd;HIV 1/2, Determine Complete HIV Kit, 100 Tests;HIV 1/2, Determine Complete HIV Kit;Determine;N/A;Test kit;100;8657;770473,00;89,00;0,89;Alere Medical Co., Ltd.;Yes;4203;44128,81;1271,28
32594;Cameroon;PMO - US;Direct Drop;EXW;Air;0;No;HRDT;HIV test;Orgenics, Ltd;HIV 1/2, Determine Kit without Lancets, Buffer or Caplillary Tubes, 100 Tests;HIV 1/2, Determine Kit without Lancets, Buffer or Capillary Tubes, 100 Tests;Determine;N/A;Test kit;100;120;8658,00;72,15;0,72;Alere Medical Co., Ltd.;Yes;22;1243,98;12,14
52241;Vietnam;PMO - US;Direct Drop;EXW;Air;0;No;ARV;Adult;HETERO LABS LIMITED;Tenofovir Disoproxil Fumarate 300mg, tablets, 30 Tabs;Tenofovir Disoproxil Fumarate;Generic;300mg;Tablet;30;10000;60000,00;6,00;0,20;Hetero Unit III Hyderabad IN;Yes;865;7878,43;99,00
71773;Uganda;PMO - US;Direct Drop;EXW;Air;0;No;HRDT;HIV test - Ancillary;Orgenics, Ltd;Capillary Tubes, for Determine, EDTA, 50uL,100 Pcs;HIV, Capillary Tubes, for Determine, EDTA, 50uL,100 Pcs;Determine;N/A;Test kit - Ancillary;100;100;800,00;8,00;0,08;Alere Medical Co., Ltd.;Yes;74;1649,91;0,99
28777;Haiti;PMO - US;Direct Drop;EXW;Air;0;No;HRDT;HIV test;SHANGHAI KEHUA BIOENGINEERING CO.,LTD.  (KHB);HIV 1/2, SKB Colloidal Gold, Diagnostic Kit, Antibody, 50 Tests;HIV 1/2, Colloidal Gold, Diagnostic Kit, Antibody;Colloidal Gold;N/A;Test kit;1;400;9800,00;24,50;24,50;KHB Test Kit Facility, Shanghai China;Yes;253;3145,85;10,07
55518;Tanzania;PMO - US;Direct Drop;EXW;Air;0;No;HRDT;HIV test;Orgenics, Ltd;HIV 1/2, Determine Complete HIV Kit, 100 Tests;HIV 1/2, Determine Complete HIV Kit;Determine;N/A;Test kit;100;2870;229600,00;80,00;0,80;Alere Medical Co., Ltd.;Yes;1368;24308,25;321,90
9629;Ethiopia;PMO - US;Direct Drop;EXW;Air;0;No;HRDT;HIV test;SHANGHAI KEHUA BIOENGINEERING CO.,LTD.  (KHB);HIV 1/2, SKB Colloidal Gold, Diagnostic Kit, Antibody, 50 Tests;HIV 1/2, Colloidal Gold, Diagnostic Kit, Antibody;Colloidal Gold;N/A;Test kit;1;1044;24012,00;23,00;23,00;KHB Test Kit Facility, Shanghai China;Yes;754;6267,38;38,42
20878;Vietnam;PMO - US;Direct Drop;FCA;Air;0;No;ARV;Adult;ABBVIE LOGISTICS (FORMERLY ABBOTT LOGISTICS BV);Ritonavir 100mg [Norvir], capsules, cool, 4 x 84 Caps;Ritonavir;Norvir;100mg;Capsule;336;12;2478,12;206,51;0,61;ABBVIE (Abbott) Logis. UK;Yes;51;4042,47;5,34
668;Guyana;PMO - US;Direct Drop;CIP;Air;0;No;MRDT;Malaria;ZEPHYR BIOMEDICALS;Malaria Paramax-3 Kit, 25 Tests;Malaria Paramax-3 Kit;Paramax;N/A;Test kit;25;98;3675,00;37,50;1,50;Not Applicable;Yes;34;180,00;5,88
3010;Nigeria;PMO - US;Direct Drop;EXW;Air;0;No;HRDT;HIV test;Orgenics, Ltd;HIV 1/2, Determine HIV Kit, without Lancets, 100 Tests;HIV 1/2, Determine HIV Kit, without Lancets;Determine;N/A;Test kit;100;3199;255888,01;79,99;0,80;Inverness Japan;Yes;550;8213,59;409,42
28778;Zambia;PMO - US;Direct Drop;EXW;Air;0;No;ARV;Pediatric;CIPLA LIMITED;Abacavir/Lamivudine 60/30mg, dispersible tablets, 60 Tabs;Abacavir/Lamivudine;Generic;60/30mg;Chewable/dispersible tablet - FDC;60;40000;240000,00;6,00;0,10;Cipla, Patalganga, India;Yes;3533;20188,13;296,88
67043;Nigeria;PMO - US;Direct Drop;EXW;Air;0;No;HRDT;HIV test;Orgenics, Ltd;HIV 1/2, Determine Complete HIV Kit, 100 Tests;HIV 1/2, Determine Complete HIV Kit;Determine;N/A;Test kit;100;9312;828768,00;89,00;0,89;Alere Medical Co., Ltd.;Yes;3787;57017,68;1025,19
77651;Vietnam;PMO - US;Direct Drop;EXW;Air;0;No;ARV;Adult;CIPLA LIMITED;Lamivudine/Nevirapine/Stavudine 150/200/30mg, tablets, 60 Tabs;Lamivudine/Nevirapine/Stavudine;Generic;150/200/30mg;Tablet - FDC;60;23040;146995,20;6,38;0,11;Cipla, Goa, India;Yes;9;4620,03;288,11
2502;Kenya;PMO - US;Direct Drop;EXW;Air;0;No;HRDT;HIV test;Trinity Biotech, Plc;HIV 1/2, Uni-Gold HIV Kit, 20 Tests;HIV 1/2, Uni-Gold HIV Kit;Uni-Gold;N/A;Test kit;20;5;160,00;32,00;1,60;Trinity Biotech, Plc;Yes;2;12561,40;0,31
65978;Vietnam;PMO - US;Direct Drop;EXW;Air;0;No;ARV;Adult;STRIDES ARCOLAB LIMITED;Lamivudine/Nevirapine/Stavudine 150/200/30mg, tablets, 60 Tabs;Lamivudine/Nevirapine/Stavudine;Generic;150/200/30mg;Tablet - FDC;60;9377;50542,03;5,39;0,09;Strides, Bangalore, India.;Yes;692;8494,45;83,39
32135;Rwanda;PMO - US;Direct Drop;EXW;Air;0;No;HRDT;HIV test;SHANGHAI KEHUA BIOENGINEERING CO.,LTD.  (KHB);HIV 1/2, SKB Colloidal Gold, Diagnostic Kit, Antibody, 50 Tests;HIV 1/2, Colloidal Gold, Diagnostic Kit, Antibody;Colloidal Gold;N/A;Test kit;1;4050;99225,00;24,50;24,50;KHB Test Kit Facility, Shanghai China;Yes;2700;35593,04;102,00
53281;Tanzania;PMO - US;Direct Drop;EXW;Air;0;No;HRDT;HIV test;Trinity Biotech, Plc;HIV 1/2, Uni-Gold HIV Kit, 20 Tests;HIV 1/2, Uni-Gold HIV Kit;Uni-Gold;N/A;Test kit;20;450;14400,00;32,00;1,60;Trinity Biotech, Plc;Yes;149;2242,31;23,76
49211;South Africa;PMO - US;Direct Drop;DDP;Ocean;0;No;ARV;Adult;CIPLA LIMITED;Nevirapine 200mg, tablets, 60 Tabs;Nevirapine;Generic;200mg;Tablet;60;57925;157556,00;2,72;0,05;Cipla, Goa, India;Yes;6220;7175,28;259,97
43526;Uganda;PMO - US;Direct Drop;EXW;Air;0;No;HRDT;HIV test;Orgenics, Ltd;HIV 1/2, Determine Complete HIV Kit, 100 Tests;HIV 1/2, Determine Complete HIV Kit;Determine;N/A;Test kit;100;4000;320000,00;80,00;0,80;Alere Medical Co., Ltd.;Yes;1624;14692,80;328,96
116;Vietnam;PMO - US;Direct Drop;FCA;Air;0;No;ARV;Adult;ABBVIE LOGISTICS (FORMERLY ABBOTT LOGISTICS BV);Lopinavir/Ritonavir 200/50mg [Aluvia], tablets, 120 Tabs;Lopinavir/Ritonavir;Aluvia;200/50mg;Tablet;120;500;41095,00;82,19;0,68;ABBVIE Ludwigshafen Germany;Yes;117;1767,38;65,75
39661;Rwanda;PMO - US;Direct Drop;EXW;Ocean;0;No;ARV;Adult;Aurobindo Pharma Limited;Lamivudine/Tenofovir Disoproxil Fumarate 300/300mg, tablets, 30 Tabs;Lamivudine/Tenofovir Disoproxil Fumarate;Generic;300/300mg;Tablet - FDC;30;104000;483600,00;4,65;0,16;Aurobindo Unit VII, IN;Yes;9684;7898,15;497,14
60840;South Africa;PMO - US;Direct Drop;DDP;Ocean;0;No;ARV;Adult;STRIDES ARCOLAB LIMITED;Nevirapine 200mg, tablets, 60 Tabs;Nevirapine;Generic;200mg;Tablet;60;237500;681625,00;2,87;0,05;Strides, Bangalore, India.;Yes;15475;14682,98;1469,58
70404;Vietnam;PMO - US;Direct Drop;EXW;Air;0;No;ARV;Adult;HETERO LABS LIMITED;Efavirenz 600mg, tablets, 30 Tabs;Efavirenz;Generic;600mg;Tablet;30;14374;46571,76;3,24;0,11;Hetero, Jadcherla, unit 5, IN;Yes;1228;1849,17;57,61
36816;Haiti;PMO - US;Direct Drop;EXW;Air;0;No;ARV;Adult;Aurobindo Pharma Limited;Stavudine 30mg, capsules, 60 Caps;Stavudine;Generic;30mg;Capsule;60;90;126,00;1,40;0,02;Aurobindo Unit III, India;Yes;6;941,74;0,18
1693;Vietnam;PMO - US;Direct Drop;EXW;Air;0;No;ARV;Adult;MYLAN LABORATORIES LTD (FORMERLY MATRIX LABORATORIES);Efavirenz 600mg, tablets, 30 Tabs;Efavirenz;Generic;600mg;Tablet;30;6720;77145,60;11,48;0,38;Mylan (formerly Matrix) Nashik;Yes;522;3796,05;123,43
37277;Haiti;PMO - US;Direct Drop;EXW;Air;0;No;ARV;Pediatric;Aurobindo Pharma Limited;Abacavir 20mg/ml, oral solution w/syringe, Bottle, 240 ml;Abacavir;Generic;20mg/ml;Oral solution;240;450;3073,50;6,83;0,03;Aurobindo Unit III, India;Yes;180;1773,70;3,80
76217;Mozambique;PMO - US;Direct Drop;EXW;Air;1;Yes;HRDT;HIV test;Orgenics, Ltd;HIV 1/2, Determine Complete HIV Kit, 100 Tests;HIV 1/2, Determine Complete HIV Kit;Determine;N/A;Test kit;100;2863;229040,00;80,00;0,80;Alere Medical Co., Ltd.;Yes;1298;13146,21;283,32
59776;Zambia;PMO - US;Direct Drop;EXW;Air;0;No;HRDT;HIV test;Orgenics, Ltd;HIV 1/2, Determine Complete HIV Kit, 100 Tests;HIV 1/2, Determine Complete HIV Kit;Determine;N/A;Test kit;100;2870;229600,00;80,00;0,80;Alere Medical Co., Ltd.;Yes;1368;25037,09;378,84
55764;Namibia;PMO - US;Direct Drop;EXW;Air;0;No;HRDT;HIV test;Trinity Biotech, Plc;HIV 1/2, Uni-Gold HIV Kit, 20 Tests;HIV 1/2, Uni-Gold HIV Kit;Uni-Gold;N/A;Test kit;20;2000;64000,00;32,00;1,60;Trinity Biotech, Plc;Yes;687;17918,72;137,98
42394;Zimbabwe;PMO - US;Direct Drop;EXW;Air;0;No;HRDT;HIV test - Ancillary;Orgenics, Ltd;Chase Buffer, Determine, 100 Tests, 2.5ml x 1 Vial;Chase Buffer, Determine, 100 Tests, 2.5ml x 1 Vial;Determine;N/A;Test kit - Ancillary;1;5060;25300,00;5,00;5,00;Alere Medical Co., Ltd.;Yes;2486;46552,30;35,47
20560;Ghana;PMO - US;Direct Drop;FCA;Air;0;No;ARV;Pediatric;ABBVIE LOGISTICS (FORMERLY ABBOTT LOGISTICS BV);Lopinavir/Ritonavir 100/25mg [Aluvia], tablets, 60 Tabs;Lopinavir/Ritonavir;Generic;100/25mg;Tablet;60;448;2661,12;5,94;0,10;ABBVIE Ludwigshafen Germany;Yes;63;1317,82;2,74
30257;Mali;PMO - US;Direct Drop;EXW;Air;0;No;HRDT;HIV test;Orgenics, Ltd;HIV 1/2, Determine Complete HIV Kit, 100 Tests;HIV 1/2, Determine Complete HIV Kit;Determine;N/A;Test kit;100;184;14720,00;80,00;0,80;Alere Medical Co., Ltd.;Yes;84;3252,26;20,64
42359;Cªte d'Ivoire;PMO - US;Direct Drop;FCA;Air;0;No;ARV;Adult;ABBVIE LOGISTICS (FORMERLY ABBOTT LOGISTICS BV);Ritonavir 100mg [Norvir], film coated tablets, 60 Tabs;Ritonavir;Norvir;100mg;Tablet;60;2706;18536,10;6,85;0,11;ABBVIE Ludwigshafen Germany;Yes;346;9539,60;39,96
70978;Uganda;PMO - US;Direct Drop;EXW;Air;0;No;ARV;Pediatric;MICRO LABS LIMITED;Efavirenz 50mg, capsule, 30 Caps;Efavirenz;Generic;50mg;Capsule;30;252;509,04;2,02;0,07;Micro labs, Verna, Goa, India;Yes;9;1678,53;0,63
69253;Vietnam;PMO - US;Direct Drop;EXW;Air;0;No;ARV;Adult;MICRO LABS LIMITED;Lamivudine 150mg, tablets, 60 Tabs;Lamivudine;Generic;150mg;Tablet;60;46100;83441,00;1,81;0,03;Micro labs, Verna, Goa, India;Yes;2350;10627,80;103,22
24028;Nigeria;PMO - US;Direct Drop;EXW;Air;1;Yes;HRDT;HIV test;Orgenics, Ltd;HIV 1/2, Determine Complete HIV Kit, 100 Tests;HIV 1/2, Determine Complete HIV Kit;Determine;N/A;Test kit;100;2874;255786,00;89,00;0,89;Alere Medical Co., Ltd.;Yes;1252;26380,35;358,61
52341;Dominican Republic;PMO - US;Direct Drop;EXW;Air;0;No;HRDT;HIV test;Trinity Biotech, Plc;HIV 1/2, Uni-Gold HIV Kit, 20 Tests;HIV 1/2, Uni-Gold HIV Kit;Uni-Gold;N/A;Test kit;20;412;13184,00;32,00;1,60;Trinity Biotech, Plc;Yes;123;1375,80;16,31
3152;Botswana;PMO - US;Direct Drop;EXW;Air;0;No;HRDT;HIV test;Orgenics, Ltd;HIV 1/2, Determine HIV Kit, without Lancets, 100 Tests;HIV 1/2, Determine HIV Kit, without Lancets;Determine;N/A;Test kit;100;100;7199,00;71,99;0,72;Inverness Japan;Yes;25;641,04;11,52
14404;South Africa;PMO - US;Direct Drop;DDP;Ocean;0;No;ARV;Adult;STRIDES ARCOLAB LIMITED;Nevirapine 200mg, tablets, 60 Tabs;Nevirapine;Generic;200mg;Tablet;60;150000;430500,00;2,87;0,05;Strides, Bangalore, India.;Yes;9306;10511,33;710,32
32435;Malawi;PMO - US;Direct Drop;EXW;Ocean;0;No;ARV;Adult;MYLAN LABORATORIES LTD (FORMERLY MATRIX LABORATORIES);Efavirenz/Lamivudine/Tenofovir Disoproxil Fumarate 600/300/300mg, tablets, 30 Tabs;Efavirenz/Lamivudine/Tenofovir Disoproxil Fumarate;Generic;600/300/300mg;Tablet - FDC;30;190000;2183100,00;11,49;0,38;Mylan (formerly Matrix) Nashik;Yes;21463;36695,74;2700,49
64685;Guyana;PMO - US;Direct Drop;EXW;Air;0;No;HRDT;HIV test;CHEMBIO DIAGNOSTIC SYSTEMS, INC.;HIV 1/2, Stat-Pak HIV, Kit, 20 Tests;HIV 1/2, Stat-Pak HIV, Kit;Stat-Pak;N/A;Test kit;20;25;725,00;29,00;1,45;Chembio Diagnostics Sys. Inc.;Yes;7;130,00;0,90
40762;Uganda;PMO - US;Direct Drop;EXW;Air;1;Yes;ARV;Adult;Aurobindo Pharma Limited;Lopinavir/Ritonavir 200/50mg, tablets, 120 Tabs;Lopinavir/Ritonavir;Generic;200/50mg;Tablet;120;10679;272314,50;25,50;0,21;Aurobindo Unit III, India;Yes;2709;11409,29;381,78
21301;Tanzania;PMO - US;Direct Drop;EXW;Air;0;No;ARV;Pediatric;EMCURE PHARMACEUTICALS LTD;Atazanavir 150mg, capsules, 60 Caps;Atazanavir;Generic;150mg;Capsule;60;1065;27785,85;26,09;0,43;Emcure Plot No.P-2, I.T-B.T. Park, Phase II, MIDC, Hinjwadi, Pune, India;Yes;112;1122,07;59,91
76298;Kenya;PMO - US;Direct Drop;CIP;Air;0;No;HRDT;HIV test;Orgenics, Ltd;HIV 1/2, Determine Complete HIV Kit, 100 Tests;HIV 1/2, Determine Complete HIV Kit;Determine;N/A;Test kit;100;6152;547528,00;89,00;0,89;Alere Medical Co., Ltd.;Yes;1059;91,67;767,63
66374;South Africa;PMO - US;Direct Drop;DDP;Ocean;0;No;ARV;Adult;STRIDES ARCOLAB LIMITED;Nevirapine 200mg, tablets, 60 Tabs;Nevirapine;Generic;200mg;Tablet;60;116000;327120,00;2,82;0,05;Strides, Bangalore, India.;Yes;7193;8559,24;705,27
42334;Sudan;PMO - US;Direct Drop;EXW;Air;0;No;HRDT;HIV test;Standard Diagnostics, Inc.;HIV 1/2, Bioline 3.0 Kit, Lancets, Capillary pipets, Alcohol swabs included, 25 Tests;HIV 1/2, Bioline 3.0 Kit, Lancets, Capillary pipets, Alcohol swabs included;Bioline;N/A;Test kit;25;60;1200,00;20,00;0,80;Standard Diagnostics, Korea;Yes;353;3843,25;2,59
21742;Guyana;PMO - US;Direct Drop;EXW;Air;0;No;HRDT;HIV test;CHEMBIO DIAGNOSTIC SYSTEMS, INC.;HIV 1/2, Stat-Pak HIV, Kit, 20 Tests;HIV 1/2, Stat-Pak HIV, Kit;Stat-Pak;N/A;Test kit;20;40;1080,00;27,00;1,35;Chembio Diagnostics Sys. Inc.;Yes;14;269,98;1,78
42506;Uganda;PMO - US;Direct Drop;EXW;Air;0;No;ARV;Adult;HETERO LABS LIMITED;Lamivudine/Tenofovir Disoproxil Fumarate 300/300mg, tablets, 30 Tabs;Lamivudine/Tenofovir Disoproxil Fumarate;Generic;300/300mg;Tablet - FDC;30;66960;320738,40;4,79;0,16;Hetero Unit III Hyderabad IN;Yes;7549;26095,99;449,68
77735;Cªte d'Ivoire;PMO - US;Direct Drop;EXW;Air;0;No;ARV;Adult;MYLAN LABORATORIES LTD (FORMERLY MATRIX LABORATORIES);Atazanavir/Ritonavir 300/100mg, tablets, 30 Tabs;Atazanavir/Ritonavir;Generic;300/100mg;Tablet;30;2100;42000,00;20,00;0,67;Mylan (formerly Matrix) Nashik;Yes;293;3169,34;51,95
45729;South Africa;PMO - US;Direct Drop;DDP;Ocean;0;No;ARV;Adult;Aurobindo Pharma Limited;Zidovudine 300mg, tablets, 60 Tabs;Zidovudine;Generic;300mg;Tablet;60;92887;678075,10;7,30;0,12;Aurobindo Unit III, India;Yes;4810;6599,86;1118,82
37650;Zimbabwe;PMO - US;Direct Drop;FCA;Air;0;No;ARV;Pediatric;ABBVIE LOGISTICS (FORMERLY ABBOTT LOGISTICS BV);Lopinavir/Ritonavir 80/20mg/ml [Kaletra], oral solution, cool, Bottle 5 x 60 ml;Lopinavir/Ritonavir;Kaletra;80/20mg/ml;Oral solution;300;1083;39161,28;36,16;0,12;ABBVIE (Abbott) Logis. UK;Yes;1257;22837,98;84,43
76112;Rwanda;PMO - US;Direct Drop;CIP;Air;0;No;ARV;Adult;MYLAN LABORATORIES LTD (FORMERLY MATRIX LABORATORIES);Lamivudine/Tenofovir Disoproxil Fumarate 300/300mg, tablets, 30 Tabs;Lamivudine/Tenofovir Disoproxil Fumarate;Generic;300/300mg;Tablet - FDC;30;20700;226665,00;10,95;0,36;Mylan (formerly Matrix) Nashik;Yes;1795;21340,35;444,26
31254;Rwanda;PMO - US;Direct Drop;FCA;Air;0;No;ARV;Adult;ABBVIE LOGISTICS (FORMERLY ABBOTT LOGISTICS BV);Ritonavir 100mg [Norvir], film coated tablets, 60 Tabs;Ritonavir;Norvir;100mg;Tablet;60;3500;23975,00;6,85;0,11;ABBVIE Ludwigshafen Germany;Yes;442;6776,80;24,65
39769;Sudan;PMO - US;Direct Drop;EXW;Air;0;No;HRDT;HIV test - Ancillary;Orgenics, Ltd;Capillary Tubes, for Determine, EDTA, 50uL,100 Pcs;HIV, Capillary Tubes, for Determine, EDTA, 50uL,100 Pcs;Determine;N/A;Test kit - Ancillary;100;2;16,00;8,00;0,08;Alere Medical Co., Ltd.;Yes;2;980,70;0,03
57849;Tanzania;PMO - US;Direct Drop;EXW;Air;0;No;HRDT;HIV test;Standard Diagnostics, Inc.;HIV 1/2, Bioline 3.0 Kit, (no accessories), 30 Tests;HIV 1/2, Bioline 3.0 Kit (no accessories);Bioline;N/A;Test kit;30;4950;118800,00;24,00;0,80;Standard Diagnostics, Korea;Yes;1650;11737,26;232,85
41916;South Africa;PMO - US;Direct Drop;DDP;Ocean;0;No;ARV;Adult;Aurobindo Pharma Limited;Efavirenz 600mg, tablets, 30 Tabs;Efavirenz;Generic;600mg;Tablet;30;48866;220385,66;4,51;0,15;Aurobindo Unit III, India;Yes;4154;9951,37;363,64
23831;Haiti;PMO - US;Direct Drop;EXW;Air;0;No;HRDT;HIV test;SHANGHAI KEHUA BIOENGINEERING CO.,LTD.  (KHB);HIV 1/2, SKB Colloidal Gold, Diagnostic Kit, Antibody, 50 Tests;HIV 1/2, Colloidal Gold, Diagnostic Kit, Antibody;Colloidal Gold;N/A;Test kit;1;350;8575,00;24,50;24,50;KHB Test Kit Facility, Shanghai China;Yes;240;3126,61;8,82
48839;Cªte d'Ivoire;PMO - US;Direct Drop;EXW;Air;0;No;HRDT;HIV test;Orgenics, Ltd;HIV 1/2, Determine Complete HIV Kit, 100 Tests;HIV 1/2, Determine Complete HIV Kit;Determine;N/A;Test kit;100;4750;380000,00;80,00;0,80;Alere Medical Co., Ltd.;Yes;1930;23013,20;390,64
41045;Rwanda;PMO - US;Direct Drop;CIP;Air;0;No;ARV;Adult;HETERO LABS LIMITED;Nevirapine 200mg, tablets, 60 Tabs;Nevirapine;Generic;200mg;Tablet;60;34500;106605,00;3,09;0,05;Hetero Unit III Hyderabad IN;Yes;2044;10883,65;208,95
60994;Sudan;PMO - US;Direct Drop;EXW;Air;0;No;HRDT;HIV test - Ancillary;Orgenics, Ltd;Capillary Tubes, for Determine, EDTA, 50uL,100 Pcs;HIV, Capillary Tubes, for Determine, EDTA, 50uL,100 Pcs;Determine;N/A;Test kit - Ancillary;100;1;8,00;8,00;0,08;Alere Medical Co., Ltd.;Yes;2;980,70;0,01
70991;South Africa;PMO - US;Direct Drop;DDP;Ocean;0;No;ARV;Adult;HETERO LABS LIMITED;Efavirenz 600mg, tablets, 30 Tabs;Efavirenz;Generic;600mg;Tablet;30;92500;435675,00;4,71;0,16;Hetero Unit III Hyderabad IN;Yes;7878;8134,37;718,86
78532;Botswana;PMO - US;Direct Drop;EXW;Air;0;No;HRDT;HIV test;Standard Diagnostics, Inc.;HIV 1/2, Bioline 3.0 Kit, Lancets, Capillary pipets, Alcohol swabs included, 25 Tests;HIV 1/2, Bioline 3.0 Kit, Lancets, Capillary pipets, Alcohol swabs included;Bioline;N/A;Test kit;25;40;800,00;20,00;0,80;Standard Diagnostics, Korea;Yes;14;706,18;1,32
24115;Kenya;PMO - US;Direct Drop;CIP;Air;0;No;HRDT;HIV test;EY Laboratories;HIV 1/2, InstantChek HIV 1+2 Kit, 100 Tests;HIV 1/2, InstantChek HIV 1+2 Kit;InstantCHEK;N/A;Test kit;100;15;1125,00;75,00;0,75;EY Laboratories, USA;Yes;18;803,60;1,58
26410;Namibia;PMO - US;Direct Drop;EXW;Air;0;No;HRDT;HIV test;Trinity Biotech, Plc;HIV 1/2, Uni-Gold HIV Kit, 20 Tests;HIV 1/2, Uni-Gold HIV Kit;Uni-Gold;N/A;Test kit;20;1000;32000,00;32,00;1,60;Trinity Biotech, Plc;Yes;345;8858,67;62,72
25587;Uganda;PMO - US;Direct Drop;EXW;Air;0;No;ARV;Pediatric;CIPLA LIMITED;Lamivudine/Nevirapine/Zidovudine 30/50/60mg, dispersible tablets, 60 Tabs;Lamivudine/Nevirapine/Zidovudine;Generic;30/50/60mg;Chewable/dispersible tablet - FDC;60;15021;60084,00;4,00;0,07;Cipla, Goa, India;Yes;1411;13983,98;61,77
66030;South Africa;PMO - US;Direct Drop;DDP;Air;0;No;ARV;Pediatric;Aurobindo Pharma Limited;Nevirapine 10mg/ml, oral suspension w/syringe, Bottle, 240 ml;Nevirapine;Generic;10mg/ml;Oral suspension;240;19060;60039,00;3,15;0,01;Aurobindo Unit III, India;Yes;7353;4876,34;129,44
63652;Tanzania;PMO - US;Direct Drop;EXW;Air;0;No;HRDT;HIV test;Orgenics, Ltd;HIV 1/2, Determine Complete HIV Kit, 100 Tests;HIV 1/2, Determine Complete HIV Kit;Determine;N/A;Test kit;100;2744;219520,00;80,00;0,80;Alere Medical Co., Ltd.;Yes;1303;22317,25;307,77
9352;Tanzania;PMO - US;Direct Drop;EXW;Air;0;No;HRDT;HIV test;Standard Diagnostics, Inc.;HIV 1/2, Bioline 3.0 Kit, Lancets, Capillary pipets, Alcohol swabs included, 25 Tests;HIV 1/2, Bioline 3.0 Kit, Lancets, Capillary pipets, Alcohol swabs included;Bioline;N/A;Test kit;25;10000;200000,00;20,00;0,80;Standard Diagnostics, Korea;Yes;3110;22663,18;320,00
43244;Guyana;PMO - US;Direct Drop;FCA;Air;0;No;ARV;Adult;ABBVIE LOGISTICS (FORMERLY ABBOTT LOGISTICS BV);Lopinavir/Ritonavir 200/50mg [Aluvia], tablets, 120 Tabs;Lopinavir/Ritonavir;Aluvia;200/50mg;Tablet;120;2245;184539,00;82,20;0,68;ABBVIE Ludwigshafen Germany;Yes;598;5178,47;304,49
75494;Rwanda;PMO - US;Direct Drop;EXW;Air;0;No;HRDT;HIV test;Trinity Biotech, Plc;HIV 1/2, Uni-Gold HIV Kit, 20 Tests;HIV 1/2, Uni-Gold HIV Kit;Uni-Gold;N/A;Test kit;20;500;16000,00;32,00;1,60;Trinity Biotech, Plc;Yes;166;3478,50;19,79
42912;Nigeria;PMO - US;Direct Drop;EXW;Air;0;No;ACT;ACT;NOVARTIS PHARMA SERVICES AG;Artemether/Lumefantrine 20/120mg [Coartem], scored tablets, Blister 30 x 24 Tabs;Artemether/Lumefantrine;Coartem;20/120mg;Tablet - FDC + blister;720;2500;105000,00;42,00;0,06;Novartis Pharma Suffern, USA;Yes;1725;11954,71;147,21
65095;Kenya;PMO - US;Direct Drop;EXW;Air;0;No;HRDT;HIV test;Trinity Biotech, Plc;HIV 1/2, Uni-Gold HIV Kit, 20 Tests;HIV 1/2, Uni-Gold HIV Kit;Uni-Gold;N/A;Test kit;20;385;12320,00;32,00;1,60;Trinity Biotech, Plc;Yes;129;2039,73;20,33
62400;Rwanda;PMO - US;Direct Drop;CIP;Air;0;No;ARV;Adult;Aurobindo Pharma Limited;Didanosine 400mg, delayed-release capsules, 30 Caps;Didanosine;Generic;400mg;Delayed-release capsules;30;559;12532,78;22,42;0,75;Aurobindo Unit III, India;Yes;46;1127,95;24,56
38368;South Africa;PMO - US;Direct Drop;DDP;Air;1;Yes;ARV;Adult;Aurobindo Pharma Limited;Nevirapine 200mg, tablets, 60 Tabs;Nevirapine;Generic;200mg;Tablet;60;38400;112128,00;2,92;0,05;Aurobindo Unit III, India;Yes;4528;6369,79;241,75
22675;Zimbabwe;PMO - US;Direct Drop;EXW;Air;0;No;ARV;Adult;Aurobindo Pharma Limited;Lamivudine/Tenofovir Disoproxil Fumarate 300/300mg, tablets, 30 Tabs;Lamivudine/Tenofovir Disoproxil Fumarate;Generic;300/300mg;Tablet - FDC;30;32760;152334,00;4,65;0,16;Aurobindo Unit VII, IN;Yes;3155;25316,94;156,60
4301;Zambia;PMO - US;Direct Drop;EXW;Air;0;No;HRDT;HIV test;Orgenics, Ltd;HIV 1/2, Determine HIV Kit, without Lancets, 100 Tests;HIV 1/2, Determine HIV Kit, without Lancets;Determine;N/A;Test kit;100;4300;309557,00;71,99;0,72;Inverness Japan;Yes;979;8690,26;495,29
37872;Vietnam;PMO - US;Direct Drop;EXW;Air;0;No;ARV;Adult;CIPLA LIMITED;Lamivudine/Nevirapine/Zidovudine 150/200/300mg, tablets, 60 Tabs;Lamivudine/Nevirapine/Zidovudine;Generic;150/300/200mg;Tablet - FDC;60;10762;87172,20;8,10;0,13;Cipla, Goa, India;Yes;1485;2702,63;107,83
543;Haiti;PMO - US;Direct Drop;EXW;Air;0;No;HRDT;HIV test;Orasure Technologies Inc.;HIV 1/2, OraQuick Advance HIV Rapid Antibody Kit, 100 Tests;HIV 1/2, OraQuick Advance HIV Rapid Antibody Kit;OraQuick;N/A;Test kit;100;28;9800,00;350,00;3,50;Pacific Biotech, Thailand;Yes;109;782,13;15,68
72885;Mozambique;PMO - US;Direct Drop;EXW;Air;0;No;HRDT;HIV test;Trinity Biotech, Plc;HIV 1/2, Uni-Gold HIV Kit, 20 Tests;HIV 1/2, Uni-Gold HIV Kit;Uni-Gold;N/A;Test kit;20;3962;126784,00;32,00;1,60;Trinity Biotech, Plc;Yes;1153;7754,14;130,33
1530;Vietnam;PMO - US;Direct Drop;EXW;Air;0;No;ARV;Adult;Aurobindo Pharma Limited;Stavudine 20mg, capsules, 60 Caps;Stavudine;Generic;20mg;Capsule;60;1200;2100,00;1,75;0,03;Aurobindo Unit III, India;Yes;125;2429,85;3,36
54150;South Africa;PMO - US;Direct Drop;DDP;Air;1;Yes;ARV;Adult;Aurobindo Pharma Limited;Efavirenz 600mg, tablets, 30 Tabs;Efavirenz;Generic;600mg;Tablet;30;54000;252180,00;4,67;0,16;Aurobindo Unit III, India;Yes;4568;6105,79;543,70
46582;Vietnam;PMO - US;Direct Drop;EXW;Air;0;No;ARV;Adult;CIPLA LIMITED;Tenofovir Disoproxil Fumarate 300mg, tablets, 30 Tabs;Tenofovir Disoproxil Fumarate;Generic;300mg;Tablet;30;4500;29025,00;6,45;0,22;Cipla, Goa, India;Yes;320;4890,38;47,89
72586;Mozambique;PMO - US;Direct Drop;EXW;Ocean;0;No;HRDT;HIV test;Orgenics, Ltd;HIV 1/2, Determine Complete HIV Kit, 100 Tests;HIV 1/2, Determine Complete HIV Kit;Determine;N/A;Test kit;100;7882;630560,00;80,00;0,80;Alere Medical Co., Ltd.;Yes;3757;15105,99;1040,42
24053;Tanzania;PMO - US;Direct Drop;EXW;Air;0;No;HRDT;HIV test;Trinity Biotech, Plc;HIV 1/2, Uni-Gold HIV Kit, 20 Tests;HIV 1/2, Uni-Gold HIV Kit;Uni-Gold;N/A;Test kit;20;107;3424,00;32,00;1,60;Trinity Biotech, Plc;Yes;39;1158,73;4,24
20371;Vietnam;PMO - US;Direct Drop;EXW;Air;0;No;ARV;Pediatric;MYLAN LABORATORIES LTD (FORMERLY MATRIX LABORATORIES);Lamivudine/Nevirapine/Zidovudine 30/50/60mg, dispersible tablets, 60 Tabs;Lamivudine/Nevirapine/Zidovudine;Generic;30/50/60mg;Chewable/dispersible tablet - FDC;60;1302;5403,30;4,15;0,07;Mylan (formerly Matrix) Nashik;Yes;4587;11252,53;7,58
18509;South Africa;PMO - US;Direct Drop;DDP;Ocean;0;No;ARV;Adult;Aurobindo Pharma Limited;Tenofovir Disoproxil Fumarate 300mg, tablets, 30 Tabs;Tenofovir Disoproxil Fumarate;Generic;300mg;Tablet;30;64269;427388,85;6,65;0,22;Aurobindo Unit III, India;Yes;5999;13829,58;705,19
18629;Vietnam;PMO - US;Direct Drop;EXW;Air;0;No;ARV;Adult;MYLAN LABORATORIES LTD (FORMERLY MATRIX LABORATORIES);Efavirenz/Lamivudine/Tenofovir Disoproxil Fumarate 600/300/300mg, tablets, 30 Tabs;Efavirenz/Lamivudine/Tenofovir Disoproxil Fumarate;Generic;600/300/300mg;Tablet - FDC;30;6549;92340,90;14,10;0,47;Mylan (formerly Matrix) Nashik;Yes;1208;3306,51;152,36
70516;Nigeria;PMO - US;Direct Drop;EXW;Air;0;No;HRDT;HIV test;Orgenics, Ltd;HIV 1/2, Determine Complete HIV Kit, 100 Tests;HIV 1/2, Determine Complete HIV Kit;Determine;N/A;Test kit;100;3176;282664,00;89,00;0,89;Alere Medical Co., Ltd.;Yes;1288;16002,97;290,58
21953;South Sudan;PMO - US;Direct Drop;EXW;Air;0;No;HRDT;HIV test;Trinity Biotech, Plc;HIV 1/2, Uni-Gold HIV Kit, 20 Tests;HIV 1/2, Uni-Gold HIV Kit;Uni-Gold;N/A;Test kit;20;324;10368,00;32,00;1,60;Trinity Biotech, Plc;Yes;107;2231,97;12,83
13093;Vietnam;PMO - US;Direct Drop;EXW;Air;0;No;ARV;Adult;MYLAN LABORATORIES LTD (FORMERLY MATRIX LABORATORIES);Efavirenz/Lamivudine/Tenofovir Disoproxil Fumarate 600/300/300mg, tablets, 30 Tabs;Efavirenz/Lamivudine/Tenofovir Disoproxil Fumarate;Generic;600/300/300mg;Tablet - FDC;30;11500;132135,00;11,49;0,38;Mylan (formerly Matrix) Nashik;Yes;1295;2021,05;163,45
6884;Haiti;PMO - US;Direct Drop;EXW;Air;0;No;HRDT;HIV test;Trinity Biotech, Plc;HIV 1/2, Capillus HIV Kit, 100 Tests;HIV 1/2, Capillus HIV Kit;Capillus;N/A;Test kit;100;8;1112,00;139,00;1,39;Trinity Biotech, Plc;Yes;6;3238,79;1,78
60937;Zambia;PMO - US;Direct Drop;EXW;Air;0;No;HRDT;HIV test;Orgenics, Ltd;HIV 1/2, Determine Complete HIV Kit, 100 Tests;HIV 1/2, Determine Complete HIV Kit;Determine;N/A;Test kit;100;3182;254560,00;80,00;0,80;Alere Medical Co., Ltd.;Yes;1290;14493,30;261,69
35788;Congo, DRC;PMO - US;Direct Drop;EXW;Air;0;No;HRDT;HIV test;Trinity Biotech, Plc;HIV 1/2, Uni-Gold HIV Kit, 20 Tests;HIV 1/2, Uni-Gold HIV Kit;Uni-Gold;N/A;Test kit;20;137;4384,00;32,00;1,60;Trinity Biotech, Plc;Yes;62;1367,59;6,15
45695;Haiti;PMO - US;Direct Drop;EXW;Air;0;No;ARV;Pediatric;Aurobindo Pharma Limited;Efavirenz 50mg, capsule, 30 Caps;Efavirenz;Generic;50mg;Capsule;30;1764;3951,36;2,24;0,07;Aurobindo Unit III, India;Yes;106;1615,07;5,54
77082;Haiti;PMO - US;Direct Drop;EXW;Air;0;No;HRDT;HIV test;Orgenics, Ltd;HIV 1/2, Determine Complete HIV Kit, 100 Tests;HIV 1/2, Determine Complete HIV Kit;Determine;N/A;Test kit;100;4000;400000,00;100,00;1,00;Alere Medical Co., Ltd.;Yes;1624;14758,34;411,20
54243;Namibia;PMO - US;Direct Drop;EXW;Air;0;No;ARV;Adult;MYLAN LABORATORIES LTD (FORMERLY MATRIX LABORATORIES);Efavirenz/Emtricitabine/Tenofovir Disoproxil Fumarate 600/200/300mg, tablets, 30 Tabs;Efavirenz/Emtricitabine/Tenofovir Disoproxil Fumarate;Generic;600/200/300mg;Tablet - FDC;30;36000;378000,00;10,50;0,35;Mylan,  H-12 & H-13, India;Yes;4171;20371,77;388,58
44105;Haiti;PMO - US;Direct Drop;FCA;Air;0;No;ARV;Adult;ABBVIE LOGISTICS (FORMERLY ABBOTT LOGISTICS BV);Ritonavir 100mg [Norvir], film coated tablets, 60 Tabs;Ritonavir;Norvir;100mg;Tablet;60;350;2397,50;6,85;0,11;ABBVIE Ludwigshafen Germany;Yes;51;4126,90;2,46
44694;Botswana;PMO - US;Direct Drop;EXW;Air;0;No;HRDT;HIV test - Ancillary;Orasure Technologies Inc.;#109435**HIV, OraQuick Controls Kit, 3 Vials;HIV, OraQuick Controls Kit, 3 Vials;OraQuick;N/A;Test kit - Ancillary;3;10;250,00;25,00;8,33;Orasure Technologies, Inc USA;Yes;6;304,76;0,49
21868;Vietnam;PMO - US;Direct Drop;EXW;Air;0;No;ARV;Adult;MYLAN LABORATORIES LTD (FORMERLY MATRIX LABORATORIES);Zidovudine 300mg, tablets, 60 Tabs;Zidovudine;Generic;300mg;Tablet;60;12000;87000,00;7,25;0,12;Mylan (formerly Matrix) Nashik;Yes;664;6247,82;143,55
80559;Uganda;PMO - US;Direct Drop;EXW;Air;0;No;ARV;Adult;MYLAN LABORATORIES LTD (FORMERLY MATRIX LABORATORIES);Atazanavir/Ritonavir 300/100mg, tablets, 30 Tabs;Atazanavir/Ritonavir;Generic;300/100mg;Tablet;30;170;3825,00;22,50;0,75;Mylan (formerly Matrix) Nashik;Yes;22;1051,50;5,36
48690;Haiti;PMO - US;Direct Drop;EXW;Air;0;No;ARV;Pediatric;Aurobindo Pharma Limited;Lamivudine 10mg/ml, oral solution w/syringe, Bottle, 240 ml;Lamivudine;Generic;10mg/ml;Oral solution;240;2064;2951,52;1,43;0,01;Aurobindo Unit III, India;Yes;751;5754,16;3,65
16967;Vietnam;PMO - US;Direct Drop;FCA;Air;0;No;ARV;Adult;ABBVIE LOGISTICS (FORMERLY ABBOTT LOGISTICS BV);Ritonavir 100mg [Norvir], film coated tablets, 30 Tabs;Ritonavir;Norvir;100mg;Tablet;30;319;7419,94;23,26;0,78;ABBVIE Ludwigshafen Germany;Yes;1736;5265,22;9,18
29274;Kenya;PMO - US;Direct Drop;EXW;Air;0;No;HRDT;HIV test;Standard Diagnostics, Inc.;HIV 1/2, Bioline 3.0 Kit, (no accessories), 30 Tests;HIV 1/2, Bioline 3.0 Kit (no accessories);Bioline;N/A;Test kit;30;12000;288000,00;24,00;0,80;Standard Diagnostics, Korea;Yes;3733;29039,18;564,48
76136;Zambia;PMO - US;Direct Drop;EXW;Air;0;No;HRDT;HIV test;Orgenics, Ltd;HIV 1/2, Determine Complete HIV Kit, 100 Tests;HIV 1/2, Determine Complete HIV Kit;Determine;N/A;Test kit;100;6322;505760,00;80,00;0,80;Alere Medical Co., Ltd.;Yes;2564;37444,10;519,92
5352;Guyana;PMO - US;Direct Drop;EXW;Air;0;No;HRDT;HIV test;Trinity Biotech, Plc;HIV 1/2, Uni-Gold HIV Kit, 20 Tests;HIV 1/2, Uni-Gold HIV Kit;Uni-Gold;N/A;Test kit;20;1500;48000,00;32,00;1,60;Trinity Biotech, Plc;Yes;515;8576,80;76,80
80112;Nigeria;PMO - US;Direct Drop;EXW;Air;1;Yes;HRDT;HIV test;Orgenics, Ltd;HIV 1/2, Determine Complete HIV Kit, 100 Tests;HIV 1/2, Determine Complete HIV Kit;Determine;N/A;Test kit;100;3064;272696,00;89,00;0,89;Alere Medical Co., Ltd.;Yes;1245;13383,47;337,32
16044;Cªte d'Ivoire;PMO - US;Direct Drop;EXW;Air;0;No;HRDT;HIV test;CHEMBIO DIAGNOSTIC SYSTEMS, INC.;HIV 1/2, Stat-Pak HIV, Kit, 20 Tests;HIV 1/2, Stat-Pak HIV, Kit;Stat-Pak;N/A;Test kit;20;1129;32741,00;29,00;1,45;Chembio Diagnostics Sys. Inc.;Yes;328;4420,31;54,02
34566;Kenya;PMO - US;Direct Drop;EXW;Air;0;No;HRDT;HIV test;Orgenics, Ltd;HIV 1/2, Determine Complete HIV Kit, 100 Tests;HIV 1/2, Determine Complete HIV Kit;Determine;N/A;Test kit;100;100;8000,00;80,00;0,80;Inverness Japan;Yes;32;1555,21;15,68
52999;Cªte d'Ivoire;PMO - US;Direct Drop;EXW;Air;0;No;ARV;Adult;Aurobindo Pharma Limited;Abacavir/Lamivudine 600/300mg, scored tablets, 30 Tabs;Abacavir/Lamivudine;Generic;600/300mg;Tablet - FDC;30;1461;29950,50;20,50;0,68;Aurobindo Unit III, India;Yes;154780;1664,12;64,57
32359;Sudan;PMO - US;Direct Drop;EXW;Air;0;No;HRDT;HIV test;Standard Diagnostics, Inc.;HIV 1/2, Bioline 3.0 Kit, Lancets, Capillary pipets, Alcohol swabs included, 25 Tests;HIV 1/2, Bioline 3.0 Kit, Lancets, Capillary pipets, Alcohol swabs included;Bioline;N/A;Test kit;25;17;340,00;20,00;0,80;Standard Diagnostics, Korea;Yes;244;2701,16;0,56
65191;Tanzania;PMO - US;Direct Drop;EXW;Air;0;No;HRDT;HIV test;Trinity Biotech, Plc;HIV 1/2, Uni-Gold HIV Kit, 20 Tests;HIV 1/2, Uni-Gold HIV Kit;Uni-Gold;N/A;Test kit;20;670;21440,00;32,00;1,60;Trinity Biotech, Plc;Yes;234;3163,87;42,02
56861;Haiti;PMO - US;Direct Drop;EXW;Air;0;No;HRDT;HIV test;SHANGHAI KEHUA BIOENGINEERING CO.,LTD.  (KHB);HIV 1/2, SKB Colloidal Gold, Diagnostic Kit, Antibody, 50 Tests;HIV 1/2, Colloidal Gold, Diagnostic Kit, Antibody;Colloidal Gold;N/A;Test kit;1;250;6125,00;24,50;24,50;KHB Test Kit Facility, Shanghai China;Yes;164;2204,84;7,58
66236;Uganda;PMO - US;Direct Drop;EXW;Air;0;No;HRDT;HIV test;Trinity Biotech, Plc;HIV 1/2, Uni-Gold HIV Kit, 20 Tests;HIV 1/2, Uni-Gold HIV Kit;Uni-Gold;N/A;Test kit;20;750;24000,00;32,00;1,60;Trinity Biotech, Plc;Yes;242;1899,22;24,67
78329;Cªte d'Ivoire;PMO - US;Direct Drop;EXW;Air;0;No;HRDT;HIV test;CHEMBIO DIAGNOSTIC SYSTEMS, INC.;HIV 1/2, Stat-Pak HIV, Kit, 20 Tests;HIV 1/2, Stat-Pak HIV, Kit;Stat-Pak;N/A;Test kit;20;2424;70296,00;29,00;1,45;Chembio Diagnostics Sys. Inc.;Yes;621;7811,66;98,55
55017;Tanzania;PMO - US;Direct Drop;EXW;Ocean;0;No;ARV;Adult;MYLAN LABORATORIES LTD (FORMERLY MATRIX LABORATORIES);Efavirenz/Emtricitabine/Tenofovir Disoproxil Fumarate 600/200/300mg, tablets, 30 Tabs;Efavirenz/Emtricitabine/Tenofovir Disoproxil Fumarate;Generic;600/200/300mg;Tablet - FDC;30;163929;2047473,21;12,49;0,42;Mylan (formerly Matrix) Nashik;Yes;21675;20312,64;2532,72
25220;Nigeria;PMO - US;Direct Drop;EXW;Air;1;Yes;HRDT;HIV test;Orgenics, Ltd;HIV 1/2, Determine Complete HIV Kit, 100 Tests;HIV 1/2, Determine Complete HIV Kit;Determine;N/A;Test kit;100;2352;209328,00;89,00;0,89;Alere Medical Co., Ltd.;Yes;1058;21683,23;293,48
52725;Sudan;PMO - US;Direct Drop;EXW;Air;0;No;HRDT;HIV test;Trinity Biotech, Plc;HIV 1/2, Uni-Gold HIV Kit, 20 Tests;HIV 1/2, Uni-Gold HIV Kit;Uni-Gold;N/A;Test kit;20;132;4224,00;32,00;1,60;Trinity Biotech, Plc;Yes;50;1595,38;6,97
130;Haiti;PMO - US;Direct Drop;EXW;Air;1;Yes;HRDT;HIV test;Orgenics, Ltd;HIV 1/2, Determine HIV Kit, without Lancets, 100 Tests;HIV 1/2, Determine HIV Kit, without Lancets;Determine;N/A;Test kit;100;750;53992,50;71,99;0,72;Inverness Japan;Yes;171;3518,38;86,39
75091;Namibia;PMO - US;Direct Drop;EXW;Air;0;No;HRDT;HIV test;Trinity Biotech, Plc;HIV 1/2, Uni-Gold HIV Kit, 20 Tests;HIV 1/2, Uni-Gold HIV Kit;Uni-Gold;N/A;Test kit;20;728;23296,00;32,00;1,60;Trinity Biotech, Plc;Yes;238;2789,67;32,66
75751;Vietnam;PMO - US;Direct Drop;EXW;Air;0;No;ARV;Adult;Aurobindo Pharma Limited;Zidovudine 300mg, tablets, 60 Tabs;Zidovudine;Generic;300mg;Tablet;60;336;2436,00;7,25;0,12;Aurobindo Unit III, India;Yes;19;8495,83;5,25
36710;Malawi;PMO - US;Direct Drop;EXW;Air;0;No;HRDT;HIV test;Trinity Biotech, Plc;HIV 1/2, Uni-Gold HIV Kit, 20 Tests;HIV 1/2, Uni-Gold HIV Kit;Uni-Gold;N/A;Test kit;20;94;3008,00;32,00;1,60;Trinity Biotech, Plc;Yes;32;1136,31;3,72
81495;Haiti;PMO - US;Direct Drop;EXW;Air;0;No;HRDT;HIV test;SHANGHAI KEHUA BIOENGINEERING CO.,LTD.  (KHB);HIV 1/2, SKB Colloidal Gold, Diagnostic Kit, Antibody, 50 Tests;HIV 1/2, Colloidal Gold, Diagnostic Kit, Antibody;Colloidal Gold;N/A;Test kit;1;40;920,00;23,00;23,00;KHB Test Kit Facility, Shanghai China;Yes;30;835,01;1,98
2463;Rwanda;PMO - US;Direct Drop;CIP;Air;0;No;ARV;Adult;CIPLA LIMITED;Lamivudine/Zidovudine 150/300mg, tablets, 60 Tabs;Lamivudine/Zidovudine;Generic;150/300mg;Tablet - FDC;60;7840;71344,00;9,10;0,15;Cipla, Goa, India;Yes;719;853,88;139,83
39263;Vietnam;PMO - US;Direct Drop;EXW;Air;0;No;ARV;Adult;HETERO LABS LIMITED;Nevirapine 200mg, tablets, 60 Tabs;Nevirapine;Generic;200mg;Tablet;60;9023;21925,89;2,43;0,04;Hetero Unit III Hyderabad IN;Yes;5359;18473,57;47,27
55206;Pakistan;PMO - US;Direct Drop;EXW;Air;0;No;HRDT;HIV test;Orgenics, Ltd;HIV 1/2, Determine Complete HIV Kit, 100 Tests;HIV 1/2, Determine Complete HIV Kit;Determine;N/A;Test kit;100;4484;358720,00;80,00;0,80;Alere Medical Co., Ltd.;Yes;2134;32272,00;502,93
80470;Vietnam;PMO - US;Direct Drop;FCA;Air;0;No;ARV;Adult;ABBVIE LOGISTICS (FORMERLY ABBOTT LOGISTICS BV);Lopinavir/Ritonavir 200/50mg [Aluvia], tablets, 120 Tabs;Lopinavir/Ritonavir;Aluvia;200/50mg;Tablet;120;1114;67753,48;60,82;0,51;ABBVIE Ludwigshafen Germany;Yes;266;6568,70;83,81
28335;Kenya;PMO - US;Direct Drop;EXW;Air;0;No;HRDT;HIV test;Orgenics, Ltd;HIV 1/2, Determine Complete HIV Kit, 100 Tests;HIV 1/2, Determine Complete HIV Kit;Determine;N/A;Test kit;100;3750;300000,00;80,00;0,80;Inverness Japan;Yes;1065;10075,76;588,00
81747;Mozambique;PMO - US;Direct Drop;EXW;Air;0;No;ARV;Adult;HETERO LABS LIMITED;Lamivudine/Nevirapine/Zidovudine 150/200/300mg, tablets, 60 Tabs;Lamivudine/Nevirapine/Zidovudine;Generic;150/300/200mg;Tablet - FDC;60;24816;201257,76;8,11;0,14;Hetero Unit III Hyderabad IN;Yes;3392;16835,52;206,89
41905;Uganda;PMO - US;Direct Drop;EXW;Air;0;No;ARV;Pediatric;Aurobindo Pharma Limited;Lopinavir/Ritonavir 100/25mg, tablets, 60 Tabs;Lopinavir/Ritonavir;Generic;100/25mg;Tablet;60;2335;18773,40;8,04;0,13;Aurobindo Unit III, India;Yes;237;1488,99;22,10
9096;Kenya;PMO - US;Direct Drop;EXW;Air;0;No;HRDT;HIV test;Standard Diagnostics, Inc.;HIV 1/2, Bioline 3.0 Kit, (no accessories), 30 Tests;HIV 1/2, Bioline 3.0 Kit (no accessories);Bioline;N/A;Test kit;30;5000;120000,00;24,00;0,80;Standard Diagnostics, Korea;Yes;1558;11653,64;235,20
63807;Cªte d'Ivoire;PMO - US;Direct Drop;EXW;Air;0;No;ARV;Pediatric;Aurobindo Pharma Limited;Nevirapine 50mg, dispersible tablets (tablets for oral suspension), 30 Tabs;Nevirapine;Generic;50mg;Chewable/dispersible tablet;30;6500;8125,00;1,25;0,04;Aurobindo Unit III, India;Yes;406;4837,38;10,05
61882;South Africa;PMO - US;Direct Drop;DDP;Air;0;No;ARV;Adult;Aurobindo Pharma Limited;Lamivudine 150mg, tablets, 60 Tabs;Lamivudine;Generic;150mg;Tablet;60;2;5,06;2,53;0,04;Aurobindo Unit III, India;Yes;1;4116,81;0,01
62046;Cªte d'Ivoire;PMO - US;Direct Drop;FCA;Air;0;No;ARV;Pediatric;ABBVIE LOGISTICS (FORMERLY ABBOTT LOGISTICS BV);Lopinavir/Ritonavir 80/20mg/ml [Kaletra], oral solution, cool, Bottle 5 x 60 ml;Lopinavir/Ritonavir;Kaletra;80/20mg/ml;Oral solution;300;540;16642,80;30,82;0,10;ABBVIE (Abbott) Logis. UK;Yes;519;5385,37;20,59
18500;Vietnam;PMO - US;Direct Drop;FCA;Air;0;No;ARV;Adult;ABBVIE LOGISTICS (FORMERLY ABBOTT LOGISTICS BV);Lopinavir/Ritonavir 200/50mg [Aluvia], tablets, 120 Tabs;Lopinavir/Ritonavir;Aluvia;200/50mg;Tablet;120;4280;351816,00;82,20;0,68;ABBVIE Ludwigshafen Germany;Yes;1063;11167,45;689,56
33050;Cªte d'Ivoire;PMO - US;Direct Drop;FCA;Air;0;No;ARV;Pediatric;ABBVIE LOGISTICS (FORMERLY ABBOTT LOGISTICS BV);Lopinavir/Ritonavir 80/20mg/ml [Kaletra], oral solution, cool, Bottle 5 x 60 ml;Lopinavir/Ritonavir;Kaletra;80/20mg/ml;Oral solution;300;500;15410,00;30,82;0,10;ABBVIE (Abbott) Logis. UK;Yes;632;7514,75;15,84
59482;Vietnam;PMO - US;Direct Drop;EXW;Air;0;No;ARV;Adult;MYLAN LABORATORIES LTD (FORMERLY MATRIX LABORATORIES);Lamivudine/Nevirapine/Zidovudine 150/200/300mg, tablets, 60 Tabs;Lamivudine/Nevirapine/Zidovudine;Generic;150/300/200mg;Tablet - FDC;60;3000;24300,00;8,10;0,13;Mylan (formerly Matrix) Nashik;Yes;422;1332,29;28,60
48516;Haiti;PMO - US;Direct Drop;EXW;Air;0;No;ARV;Pediatric;Aurobindo Pharma Limited;Zidovudine 100mg, capsules, 100 Caps;Zidovudine;Generic;100mg;Capsule;100;120;540,00;4,50;0,04;Aurobindo Unit III, India;Yes;9;820,56;0,56
64904;Nigeria;PMO - US;Direct Drop;EXW;Air;0;No;HRDT;HIV test;Orgenics, Ltd;HIV 1/2, Determine Complete HIV Kit, 100 Tests;HIV 1/2, Determine Complete HIV Kit;Determine;N/A;Test kit;100;2744;244216,00;89,00;0,89;Alere Medical Co., Ltd.;Yes;1186;24927,19;342,39
66073;South Africa;PMO - US;Direct Drop;DDP;Ocean;0;No;ARV;Pediatric;GLAXOSMITHKLINE EXPORT LIMITED;Abacavir 20mg/ml [Ziagen], oral solution, Bottle, 240 ml;Abacavir;Ziagen;20mg/ml;Oral solution;240;2244;20824,32;9,28;0,04;GSK Mississauga (Canada);Yes;870;3755,91;34,36
49169;Rwanda;PMO - US;Direct Drop;CIP;Air;0;No;ARV;Adult;MYLAN LABORATORIES LTD (FORMERLY MATRIX LABORATORIES);Efavirenz/Lamivudine/Tenofovir Disoproxil Fumarate 600/300/300mg, tablets, 30 Tabs;Efavirenz/Lamivudine/Tenofovir Disoproxil Fumarate;Generic;600/300/300mg;Tablet - FDC;30;4560;62335,20;13,67;0,46;Mylan (formerly Matrix) Nashik;Yes;561;5610,17;87,39
64588;Cªte d'Ivoire;PMO - US;Direct Drop;FCA;Air;0;No;ARV;Adult;ABBVIE LOGISTICS (FORMERLY ABBOTT LOGISTICS BV);Ritonavir 100mg [Norvir], capsules, cool, 4 x 84 Caps;Ritonavir;Norvir;100mg;Capsule;336;680;26084,80;38,36;0,11;ABBVIE (Abbott) Logis. UK;Yes;1299;9689,81;51,13
22531;Vietnam;PMO - US;Direct Drop;EXW;Air;0;No;ARV;Adult;CIPLA LIMITED;Lamivudine/Nevirapine/Stavudine 150/200/30mg, tablets, 60 Tabs;Lamivudine/Nevirapine/Stavudine;Generic;150/200/30mg;Tablet - FDC;60;19600;120540,00;6,15;0,10;Cipla, Goa, India;Yes;1926;12423,96;236,26
8378;Vietnam;PMO - US;Direct Drop;EXW;Air;0;No;ARV;Adult;MYLAN LABORATORIES LTD (FORMERLY MATRIX LABORATORIES);Efavirenz 600mg, tablets, 30 Tabs;Efavirenz;Generic;600mg;Tablet;30;10080;115718,40;11,48;0,38;Mylan (formerly Matrix) Nashik;Yes;772;4408,29;185,15
71893;Haiti;PMO - US;Direct Drop;EXW;Ocean;0;No;ARV;Adult;CIPLA LIMITED;Efavirenz 600mg, tablets, 30 Tabs;Efavirenz;Generic;600mg;Tablet;30;21203;68697,72;3,24;0,11;Cipla, Goa, India;Yes;2471;4532,44;70,62
12935;Vietnam;PMO - US;Direct Drop;EXW;Air;0;No;ARV;Adult;MYLAN LABORATORIES LTD (FORMERLY MATRIX LABORATORIES);Lamivudine/Zidovudine 150/300mg, tablets, 60 Tabs;Lamivudine/Zidovudine;Generic;150/300mg;Tablet - FDC;60;11092;74871,00;6,75;0,11;Mylan (formerly Matrix) Nashik;Yes;957;1869,41;92,62
5353;Guyana;PMO - US;Direct Drop;EXW;Air;1;Yes;HRDT;HIV test;Orgenics, Ltd;HIV 1/2, Determine HIV Kit, without Lancets, 100 Tests;HIV 1/2, Determine HIV Kit, without Lancets;Determine;N/A;Test kit;100;300;21597,00;71,99;0,72;Inverness Japan;Yes;69;1398,60;34,56
13708;Congo, DRC;PMO - US;Direct Drop;EXW;Air;0;No;HRDT;HIV test;Trinity Biotech, Plc;HIV 1/2, Uni-Gold HIV Kit, 20 Tests;HIV 1/2, Uni-Gold HIV Kit;Uni-Gold;N/A;Test kit;20;32;1024,00;32,00;1,60;Trinity Biotech, Plc;Yes;54;2734,02;1,05
39029;South Africa;PMO - US;Direct Drop;DDP;Ocean;1;Yes;ARV;Adult;Aurobindo Pharma Limited;Efavirenz 600mg, tablets, 30 Tabs;Efavirenz;Generic;600mg;Tablet;30;20060;90871,80;4,53;0,15;Aurobindo Unit III, India;Yes;1726;35753,93;195,92
62152;Cªte d'Ivoire;PMO - US;Direct Drop;CIP;Air;0;No;ARV;Pediatric;BRISTOL-MYERS SQUIBB;Didanosine 50mg [Videx], chewable tablets, 60 Tabs;Didanosine;Videx;50mg;Chewable/dispersible tablet;60;1887;17926,50;9,50;0,16;BMS Meymac, France;Yes;312;781,50;38,65
61493;Dominican Republic;PMO - US;Direct Drop;EXW;Air;0;No;HRDT;HIV test - Ancillary;Standard Diagnostics, Inc.;Chase Buffer, Determine, 100 Tests, 2.5ml x 1 Vial;Chase Buffer, Determine, 100 Tests, 2.5ml x 1 Vial;Determine;N/A;Test kit - Ancillary;1;112;0,00;0,00;0,00;Alere Medical Co., Ltd.;Yes;46;1428,23;0,00
43897;Zambia;PMO - US;Direct Drop;EXW;Air;0;No;HRDT;HIV test;Orgenics, Ltd;HIV 1/2, Determine Complete HIV Kit, 100 Tests;HIV 1/2, Determine Complete HIV Kit;Determine;N/A;Test kit;100;2161;155592,00;72,00;0,72;Inverness Japan;Yes;1051;16633,36;335,46
63432;Cªte d'Ivoire;PMO - US;Direct Drop;FCA;Air;0;No;ARV;Adult;ABBVIE LOGISTICS (FORMERLY ABBOTT LOGISTICS BV);Lopinavir/Ritonavir 200/50mg [Aluvia], tablets, 120 Tabs;Lopinavir/Ritonavir;Aluvia;200/50mg;Tablet;120;16800;517776,00;30,82;0,26;ABBVIE Ludwigshafen Germany;Yes;4213;27376,29;854,33
1798;Vietnam;PMO - US;Direct Drop;EXW;Air;0;No;ARV;Adult;STRIDES ARCOLAB LIMITED;Stavudine 30mg, capsules, 60 Caps;Stavudine;Generic;30mg;Capsule;60;10780;15631,00;1,45;0,02;Strides, Bangalore, India.;Yes;502;7575,60;25,01
56668;Vietnam;PMO - US;Direct Drop;EXW;Air;0;No;ARV;Adult;HETERO LABS LIMITED;Lamivudine/Zidovudine 150/300mg, tablets, 60 Tabs;Lamivudine/Zidovudine;Generic;150/300mg;Tablet - FDC;60;8245;67609,00;8,20;0,14;Hetero Unit III Hyderabad IN;Yes;759;7261,69;111,55
70299;South Africa;PMO - US;Direct Drop;DDP;Ocean;1;Yes;ARV;Adult;Aurobindo Pharma Limited;Zidovudine 300mg, tablets, 60 Tabs;Zidovudine;Generic;300mg;Tablet;60;86467;633803,11;7,33;0,12;Aurobindo Unit III, India;Yes;4364;4295,60;1366,48
65780;Rwanda;PMO - US;Direct Drop;EXW;Air;0;No;ARV;Adult;HETERO LABS LIMITED;Nevirapine 200mg, tablets, 60 Tabs;Nevirapine;Generic;200mg;Tablet;60;55710;130361,40;2,34;0,04;Hetero Unit III Hyderabad IN;Yes;3204;19625,64;182,77
43929;Uganda;PMO - US;Direct Drop;FCA;Air;0;No;ARV;Adult;Hoffmann-La Roche ltd Basel;Saquinavir 500mg [Invirase], tablets, 120 Tabs;Saquinavir;Invirase;500mg;Tablet;120;98;12362,16;126,14;1,05;Roche Basel;Yes;18;586,16;20,40
1183;Vietnam;PMO - US;Direct Drop;EXW;Air;0;No;ARV;Adult;Aurobindo Pharma Limited;Lamivudine/Nevirapine/Zidovudine 150/200/300mg, tablets, 60 Tabs;Lamivudine/Nevirapine/Zidovudine;Generic;150/300/200mg;Tablet - FDC;60;3500;39025,00;11,15;0,19;Aurobindo Unit III, India;Yes;1804;6341,88;76,49
81700;South Africa;PMO - US;Direct Drop;DDP;Air;1;Yes;ARV;Adult;Aurobindo Pharma Limited;Efavirenz 600mg, tablets, 30 Tabs;Efavirenz;Generic;600mg;Tablet;30;31875;148856,25;4,67;0,16;Aurobindo Unit III, India;Yes;3005;4263,07;320,93
44630;Vietnam;PMO - US;Direct Drop;EXW;Air;0;No;ARV;Adult;MYLAN LABORATORIES LTD (FORMERLY MATRIX LABORATORIES);Efavirenz/Lamivudine/Tenofovir Disoproxil Fumarate 600/300/300mg, tablets, 30 Tabs;Efavirenz/Lamivudine/Tenofovir Disoproxil Fumarate;Generic;600/300/300mg;Tablet - FDC;30;30339;348595,11;11,49;0,38;Mylan (formerly Matrix) Nashik;Yes;3419;15006,27;431,21
21125;Tanzania;PMO - US;Direct Drop;EXW;Air;0;No;ARV;Pediatric;EMCURE PHARMACEUTICALS LTD;Atazanavir 150mg, capsules, 60 Caps;Atazanavir;Generic;150mg;Capsule;60;1135;29612,15;26,09;0,43;Emcure Plot No.P-2, I.T-B.T. Park, Phase II, MIDC, Hinjwadi, Pune, India;Yes;103;1308,40;48,86
45178;South Sudan;PMO - US;Direct Drop;EXW;Air;0;No;HRDT;HIV test;Orgenics, Ltd;HIV 1/2, Determine Complete HIV Kit, 100 Tests;HIV 1/2, Determine Complete HIV Kit;Determine;N/A;Test kit;100;450;40050,00;89,00;0,89;Alere Medical Co., Ltd.;Yes;188;2997,85;49,54
1037;Nigeria;PMO - US;Direct Drop;CIP;Air;0;No;ARV;Adult;BRISTOL-MYERS SQUIBB;Didanosine EC 400mg [Videx EC], delayed-release capsules, Blister 3 x 10 Caps;Didanosine EC;Videx EC;400mg;Delayed-release capsules - blister;30;200;4734,00;23,67;0,79;BMS Meymac, France;Yes;11;463,00;9,28
63749;Nigeria;PMO - US;Direct Drop;EXW;Air;1;Yes;HRDT;HIV test;Orgenics, Ltd;HIV 1/2, Determine Complete HIV Kit, 100 Tests;HIV 1/2, Determine Complete HIV Kit;Determine;N/A;Test kit;100;3040;270560,00;89,00;0,89;Alere Medical Co., Ltd.;Yes;1235;13383,47;334,68
1122;Haiti;PMO - US;Direct Drop;EXW;Air;0;No;HRDT;HIV test;Orasure Technologies Inc.;HIV 1/2, OraQuick Advance HIV Rapid Antibody Kit, 100 Tests;HIV 1/2, OraQuick Advance HIV Rapid Antibody Kit;OraQuick;N/A;Test kit;100;60;21000,00;350,00;3,50;Pacific Biotech, Thailand;Yes;144;3128,19;41,16
9676;Vietnam;PMO - US;Direct Drop;EXW;Air;0;No;ARV;Adult;MYLAN LABORATORIES LTD (FORMERLY MATRIX LABORATORIES);Tenofovir Disoproxil Fumarate 300mg, tablets, 30 Tabs;Tenofovir Disoproxil Fumarate;Generic;300mg;Tablet;30;2016;27538,56;13,66;0,46;Mylan (formerly Matrix) Nashik;Yes;122;2867,81;44,06
75422;Zambia;PMO - US;Direct Drop;EXW;Air;1;Yes;ARV;Adult;Aurobindo Pharma Limited;Nevirapine 200mg, tablets, 60 Tabs;Nevirapine;Generic;200mg;Tablet;60;38939;87612,75;2,25;0,04;Aurobindo Unit III, India;Yes;3962;20233,34;90,07
17825;Nigeria;PMO - US;Direct Drop;EXW;Air;1;Yes;HRDT;HIV test;Orgenics, Ltd;HIV 1/2, Determine Complete HIV Kit, 100 Tests;HIV 1/2, Determine Complete HIV Kit;Determine;N/A;Test kit;100;4987;443843,00;89,00;0,89;Alere Medical Co., Ltd.;Yes;2022;30257,97;456,27
17096;Zambia;PMO - US;Direct Drop;EXW;Air;1;Yes;HRDT;HIV test;Orgenics, Ltd;HIV 1/2, Determine Complete HIV Kit, 100 Tests;HIV 1/2, Determine Complete HIV Kit;Determine;N/A;Test kit;100;2863;229040,00;80,00;0,80;Alere Medical Co., Ltd.;Yes;1159;15174,53;235,45
57449;Vietnam;PMO - US;Direct Drop;FCA;Air;0;No;ARV;Adult;ABBVIE LOGISTICS (FORMERLY ABBOTT LOGISTICS BV);Lopinavir/Ritonavir 200/50mg [Aluvia], tablets, 120 Tabs;Lopinavir/Ritonavir;Aluvia;200/50mg;Tablet;120;4400;267608,00;60,82;0,51;ABBVIE Ludwigshafen Germany;Yes;1073;1475,94;275,10
4818;Ethiopia;PMO - US;Direct Drop;EXW;Air;0;No;HRDT;HIV test - Ancillary;Orgenics, Ltd;Capillary Tubes, for Determine, EDTA, 50uL,100 Pcs;HIV, Capillary Tubes, for Determine, EDTA, 50uL,100 Pcs;Determine;N/A;Test kit - Ancillary;100;10000;80000,00;8,00;0,08;Inverness Japan;Yes;400;4856,14;156,80
47311;Cªte d'Ivoire;PMO - US;Direct Drop;FCA;Ocean;0;No;ARV;Adult;ABBVIE LOGISTICS (FORMERLY ABBOTT LOGISTICS BV);Lopinavir/Ritonavir 200/50mg [Aluvia], tablets, 120 Tabs;Lopinavir/Ritonavir;Aluvia;200/50mg;Tablet;120;1573;48479,86;30,82;0,26;ABBVIE Ludwigshafen Germany;Yes;393;40289,00;79,99
23573;Nigeria;PMO - US;Direct Drop;EXW;Air;0;No;HRDT;HIV test;Orgenics, Ltd;HIV 1/2, Determine Complete HIV Kit, 100 Tests;HIV 1/2, Determine Complete HIV Kit;Determine;N/A;Test kit;100;2687;239143,00;89,00;0,89;Inverness Japan;Yes;1277;26014,88;394,59
32358;South Africa;PMO - US;Direct Drop;DDP;Air;0;No;ARV;Adult;Aurobindo Pharma Limited;Zidovudine 300mg, tablets, 60 Tabs;Zidovudine;Generic;300mg;Tablet;60;29402;218456,86;7,43;0,12;Aurobindo Unit III, India;Yes;1577;1697,90;470,99
10504;Namibia;PMO - US;Direct Drop;EXW;Air;0;No;HRDT;HIV test;Trinity Biotech, Plc;HIV 1/2, Uni-Gold HIV Kit, 20 Tests;HIV 1/2, Uni-Gold HIV Kit;Uni-Gold;N/A;Test kit;20;120;3840,00;32,00;1,60;Trinity Biotech, Plc;Yes;41;1862,27;7,53
7775;Guyana;PMO - US;Direct Drop;EXW;Air;0;No;HRDT;HIV test;Trinity Biotech, Plc;HIV 1/2, Uni-Gold HIV Kit, 20 Tests;HIV 1/2, Uni-Gold HIV Kit;Uni-Gold;N/A;Test kit;20;1371;43872,00;32,00;1,60;Trinity Biotech, Plc;Yes;468;5733,61;85,99
39053;South Sudan;PMO - US;Direct Drop;EXW;Air;0;No;HRDT;HIV test - Ancillary;Orgenics, Ltd;Capillary Tubes, for Determine, EDTA, 50uL,100 Pcs;HIV, Capillary Tubes, for Determine, EDTA, 50uL,100 Pcs;Determine;N/A;Test kit - Ancillary;100;339;2712,00;8,00;0,08;Alere Medical Co., Ltd.;Yes;175;4803,06;3,80
62801;South Africa;PMO - US;Direct Drop;DDP;Ocean;0;No;ARV;Adult;Aurobindo Pharma Limited;Tenofovir Disoproxil Fumarate 300mg, tablets, 30 Tabs;Tenofovir Disoproxil Fumarate;Generic;300mg;Tablet;30;86843;577505,95;6,65;0,22;Aurobindo Unit III, India;Yes;8106;10748,78;952,88
33964;Cameroon;PMO - US;Direct Drop;EXW;Air;0;No;ARV;Adult;Aurobindo Pharma Limited;Zidovudine 300mg, tablets, 60 Tabs;Zidovudine;Generic;300mg;Tablet;60;16820;91332,60;5,43;0,09;Aurobindo Unit III, India;Yes;2993;28620,20;112,98
57266;Kenya;PMO - US;Direct Drop;EXW;Air;0;No;HRDT;HIV test;Trinity Biotech, Plc;HIV 1/2, Uni-Gold HIV Kit, 20 Tests;HIV 1/2, Uni-Gold HIV Kit;Uni-Gold;N/A;Test kit;20;15000;480000,00;32,00;1,60;Trinity Biotech, Plc;Yes;4956;36219,03;672,96
13959;Zambia;PMO - US;Direct Drop;EXW;Air;0;No;ARV;Pediatric;MYLAN LABORATORIES LTD (FORMERLY MATRIX LABORATORIES);Lamivudine/Zidovudine 30/60mg, dispersible tablets, 60 Tabs;Lamivudine/Zidovudine;Generic;30/60mg;Chewable/dispersible tablet - FDC;60;10000;19900,00;1,99;0,03;Mylan,  H-12 & H-13, India;Yes;849;4316,34;20,46
51587;South Africa;PMO - US;Direct Drop;DDP;Air;0;No;ARV;Adult;Aurobindo Pharma Limited;Nevirapine 200mg, tablets, 60 Tabs;Nevirapine;Generic;200mg;Tablet;60;22372;65326,24;2,92;0,05;Aurobindo Unit III, India;Yes;2655;6369,79;140,84
2328;Haiti;PMO - US;Direct Drop;EXW;Air;0;No;HRDT;HIV test;Orgenics, Ltd;HIV 1/2, Determine HIV Kit, without Lancets, 100 Tests;HIV 1/2, Determine HIV Kit, without Lancets;Determine;N/A;Test kit;100;1680;117600,00;70,00;0,70;Inverness Japan;Yes;382;3241,06;230,50
70912;Rwanda;PMO - US;Direct Drop;EXW;Air;0;No;HRDT;HIV test;SHANGHAI KEHUA BIOENGINEERING CO.,LTD.  (KHB);HIV 1/2, SKB Colloidal Gold, Diagnostic Kit, Antibody, 50 Tests;HIV 1/2, Colloidal Gold, Diagnostic Kit, Antibody;Colloidal Gold;N/A;Test kit;1;5994;146853,00;24,50;24,50;KHB Test Kit Facility, Shanghai China;Yes;3996;53062,21;150,96
9579;Nigeria;PMO - US;Direct Drop;EXW;Air;0;No;HRDT;HIV test;CHEMBIO DIAGNOSTIC SYSTEMS, INC.;HIV 1/2, Stat-Pak HIV, Kit, 20 Tests;HIV 1/2, Stat-Pak HIV, Kit;Stat-Pak;N/A;Test kit;20;7719;208413,00;27,00;1,35;Chembio Diagnostics Sys. Inc.;Yes;2502;15636,70;333,46
9390;Zimbabwe;PMO - US;Direct Drop;EXW;Air;0;No;HRDT;HIV test;Orasure Technologies Inc.;HIV 1/2, OraQuick Advance HIV Rapid Antibody Kit, 100 Tests;HIV 1/2, OraQuick Advance HIV Rapid Antibody Kit;OraQuick;N/A;Test kit;100;10;3500,00;350,00;3,50;Pacific Biotech, Thailand;Yes;24;536,08;5,60
60084;Zimbabwe;PMO - US;Direct Drop;EXW;Air Charter;0;No;ARV;Adult;CIPLA LIMITED;Nevirapine 200mg, tablets, 60 Tabs;Nevirapine;Generic;200mg;Tablet;60;85000;188700,00;2,22;0,04;Cipla, Goa, India;Yes;11125;84791,10;193,98
26591;South Africa;PMO - US;Direct Drop;DDP;Air;1;Yes;ARV;Adult;Aurobindo Pharma Limited;Efavirenz 600mg, tablets, 30 Tabs;Efavirenz;Generic;600mg;Tablet;30;53954;251965,18;4,67;0,16;Aurobindo Unit III, India;Yes;4564;6105,79;543,24
60359;Burundi;PMO - US;Direct Drop;EXW;Air;0;No;HRDT;HIV test;CHEMBIO DIAGNOSTIC SYSTEMS, INC.;HIV 1/2, Stat-Pak Dipstick Assay Kit, 30 Tests;HIV 1/2, Stat-Pak Dipstick Assay Kit;Stat-Pak;N/A;Test kit;30;428;11812,80;27,60;0,92;Chembio Diagnostics Sys. Inc.;Yes;47;732,47;14,61
6705;Rwanda;PMO - US;Direct Drop;CIP;Air;0;No;ARV;Pediatric;BRISTOL-MYERS SQUIBB;Didanosine 50mg [Videx], chewable tablets, 60 Tabs;Didanosine;Videx;50mg;Chewable/dispersible tablet;60;182;1729,00;9,50;0,16;BMS Meymac, France;Yes;40;86,40;2,77
35300;Vietnam;PMO - US;Direct Drop;EXW;Air;0;No;ARV;Adult;HETERO LABS LIMITED;Stavudine 30mg, capsules, 60 Caps;Stavudine;Generic;30mg;Capsule;60;21000;30450,00;1,45;0,02;Hetero Unit III Hyderabad IN;Yes;1516;11915,51;50,24
68949;Zimbabwe;PMO - US;Direct Drop;EXW;Air Charter;0;No;ARV;Adult;STRIDES ARCOLAB LIMITED;Nevirapine 200mg, tablets, 60 Tabs;Nevirapine;Generic;200mg;Tablet;60;158000;347600,00;2,20;0,04;Strides, Bangalore, India.;Yes;9832;68350,52;357,33
46844;Cªte d'Ivoire;PMO - US;Direct Drop;EXW;Air;0;No;HRDT;HIV test;CHEMBIO DIAGNOSTIC SYSTEMS, INC.;HIV 1/2, Stat-Pak HIV, Kit, 20 Tests;HIV 1/2, Stat-Pak HIV, Kit;Stat-Pak;N/A;Test kit;20;3049;82323,00;27,00;1,35;Chembio Diagnostics Sys. Inc.;Yes;904;7208,00;177,49
1956;Vietnam;PMO - US;Direct Drop;EXW;Air;0;No;ARV;Adult;MYLAN LABORATORIES LTD (FORMERLY MATRIX LABORATORIES);Efavirenz 600mg, tablets, 30 Tabs;Efavirenz;Generic;600mg;Tablet;30;8400;85596,00;10,19;0,34;Mylan (formerly Matrix) Nashik;Yes;613;3247,73;167,77
4312;Guyana;PMO - US;Direct Drop;EXW;Air;0;No;HRDT;HIV test;Trinity Biotech, Plc;HIV 1/2, Uni-Gold HIV Kit, 20 Tests;HIV 1/2, Uni-Gold HIV Kit;Uni-Gold;N/A;Test kit;20;1062;33984,00;32,00;1,60;Trinity Biotech, Plc;Yes;362;4717,51;54,37
61871;Dominican Republic;PMO - US;Direct Drop;EXW;Air;0;No;HRDT;HIV test;Standard Diagnostics, Inc.;HIV 1/2, Bioline 3.0 Kit, 100 Tests;HIV 1/2, Bioline 3.0 Kit;Bioline;N/A;Test kit;100;41;3075,00;75,00;0,75;Standard Diagnostics, Korea;Yes;28;483,68;5,07
30615;Zambia;PMO - US;Direct Drop;EXW;Air;0;No;HRDT;HIV test;Orgenics, Ltd;HIV 1/2, Determine Complete HIV Kit, 100 Tests;HIV 1/2, Determine Complete HIV Kit;Determine;N/A;Test kit;100;2604;208320,00;80,00;0,80;Alere Medical Co., Ltd.;Yes;1239;22650,58;343,73
27829;South Sudan;PMO - US;Direct Drop;EXW;Air;0;No;HRDT;HIV test - Ancillary;Orgenics, Ltd;Capillary Tubes, for Determine, EDTA, 50uL,100 Pcs;HIV, Capillary Tubes, for Determine, EDTA, 50uL,100 Pcs;Determine;N/A;Test kit - Ancillary;100;115;920,00;8,00;0,08;Alere Medical Co., Ltd.;Yes;173;4594,07;0,95
31146;Vietnam;PMO - US;Direct Drop;EXW;Air;0;No;ARV;Adult;STRIDES ARCOLAB LIMITED;Lamivudine/Nevirapine/Zidovudine 150/200/300mg, tablets, 60 Tabs;Lamivudine/Nevirapine/Zidovudine;Generic;150/300/200mg;Tablet - FDC;60;9030;95718,00;10,60;0,18;Strides, Bangalore, India.;Yes;1054;5726,24;157,93
14331;Vietnam;PMO - US;Direct Drop;EXW;Air;0;No;ARV;Adult;MYLAN LABORATORIES LTD (FORMERLY MATRIX LABORATORIES);Efavirenz 600mg, tablets, 30 Tabs;Efavirenz;Generic;600mg;Tablet;30;3528;22932,00;6,50;0,22;Mylan (formerly Matrix) Nashik;Yes;383;1162,52;44,95
22722;Sudan;PMO - US;Direct Drop;EXW;Air;0;No;HRDT;HIV test;Trinity Biotech, Plc;HIV 1/2, Uni-Gold HIV Kit, 20 Tests;HIV 1/2, Uni-Gold HIV Kit;Uni-Gold;N/A;Test kit;20;207;6624,00;32,00;1,60;Trinity Biotech, Plc;Yes;71;1626,67;10,93
41399;Haiti;PMO - US;Direct Drop;EXW;Air;0;No;ARV;Adult;HETERO LABS LIMITED;Tenofovir Disoproxil Fumarate 300mg, tablets, 30 Tabs;Tenofovir Disoproxil Fumarate;Generic;300mg;Tablet;30;384;1363,20;3,55;0,12;Hetero Unit III Hyderabad IN;Yes;42;2391,08;1,40
13761;Vietnam;PMO - US;Direct Drop;FCA;Air;0;No;ARV;Adult;ABBVIE LOGISTICS (FORMERLY ABBOTT LOGISTICS BV);Ritonavir 100mg [Norvir], film coated tablets, 30 Tabs;Ritonavir;Norvir;100mg;Tablet;30;174;4047,24;23,26;0,78;ABBVIE Ludwigshafen Germany;Yes;21;583,66;5,67
67194;Zimbabwe;PMO - US;Direct Drop;EXW;Air Charter;0;No;ARV;Adult;HETERO LABS LIMITED;Lamivudine/Tenofovir Disoproxil Fumarate 300/300mg, tablets, 30 Tabs;Lamivudine/Tenofovir Disoproxil Fumarate;Generic;300/300mg;Tablet - FDC;30;42240;195148,80;4,62;0,15;Hetero Unit III Hyderabad IN;Yes;4589;27376,22;200,61
67476;South Africa;PMO - US;Direct Drop;DDP;Air;0;No;ARV;Adult;Aurobindo Pharma Limited;Zidovudine 300mg, tablets, 60 Tabs;Zidovudine;Generic;300mg;Tablet;60;23800;176834,00;7,43;0,12;Aurobindo Unit III, India;Yes;1273;3296,58;381,25
47035;Angola;PMO - US;Direct Drop;EXW;Air;0;No;ARV;Pediatric;Aurobindo Pharma Limited;Efavirenz 50mg, capsule, 30 Caps;Efavirenz;Generic;50mg;Capsule;30;360;806,40;2,24;0,07;Aurobindo Unit III, India;Yes;21;840,17;1,00
76559;Vietnam;PMO - US;Direct Drop;EXW;Air;0;No;ARV;Pediatric;MYLAN LABORATORIES LTD (FORMERLY MATRIX LABORATORIES);Lamivudine/Zidovudine 30/60mg, tablets, 60 Tabs;Lamivudine/Zidovudine;Generic;30/60mg;Tablet - FDC;60;1966;4423,50;2,25;0,04;Mylan (formerly Matrix) Nashik;Yes;91;1143,04;6,20
39647;Vietnam;PMO - US;Direct Drop;EXW;Air;0;No;ARV;Adult;Aurobindo Pharma Limited;Lamivudine/Nevirapine/Zidovudine 150/200/300mg, tablets, 60 Tabs;Lamivudine/Nevirapine/Zidovudine;Generic;150/300/200mg;Tablet - FDC;60;20000;219000,00;10,95;0,18;Aurobindo Unit III, India;Yes;2675;9656,19;361,35
75980;Kenya;PMO - US;Direct Drop;EXW;Air;0;No;HRDT;HIV test;Orgenics, Ltd;HIV 1/2, Determine Complete HIV Kit, 100 Tests;HIV 1/2, Determine Complete HIV Kit;Determine;N/A;Test kit;100;8500;680000,00;80,00;0,80;Inverness Japan;Yes;1462;14419,86;1466,08
797;Zambia;PMO - US;Direct Drop;EXW;Air;0;No;HRDT;HIV test;Standard Diagnostics, Inc.;HIV 1/2, Bioline 3.0 Kit, Lancets, Capillary pipets, Alcohol swabs included, 25 Tests;HIV 1/2, Bioline 3.0 Kit, Lancets, Capillary pipets, Alcohol swabs included;Bioline;N/A;Test kit;25;319;6380,00;20,00;0,80;Standard Diagnostics, Korea;Yes;100;1122,24;12,50
46860;Vietnam;PMO - US;Direct Drop;EXW;Air;0;No;ARV;Adult;STRIDES ARCOLAB LIMITED;Lamivudine/Nevirapine/Zidovudine 150/200/300mg, tablets, 60 Tabs;Lamivudine/Nevirapine/Zidovudine;Generic;150/300/200mg;Tablet - FDC;60;24000;264000,00;11,00;0,18;Strides, Bangalore, India.;Yes;2769;10546,68;569,18
53292;Kenya;PMO - US;Direct Drop;EXW;Air;0;No;HRDT;HIV test;Orgenics, Ltd;HIV 1/2, Determine Complete HIV Kit, 100 Tests;HIV 1/2, Determine Complete HIV Kit;Determine;N/A;Test kit;100;2849;253561,00;89,00;0,89;Inverness Japan;Yes;783;9162,21;546,68
39606;Mozambique;PMO - US;Direct Drop;EXW;Air;0;No;HRDT;HIV test;Trinity Biotech, Plc;HIV 1/2, Uni-Gold HIV Kit, 20 Tests;HIV 1/2, Uni-Gold HIV Kit;Uni-Gold;N/A;Test kit;20;2360;75520,00;32,00;1,60;Trinity Biotech, Plc;Yes;1636;21087,70;162,82
10298;Cªte d'Ivoire;PMO - US;Direct Drop;EXW;Air;0;No;HRDT;HIV test;Orgenics, Ltd;HIV 1/2, Determine HIV Kit, without Lancets, 100 Tests;HIV 1/2, Determine HIV Kit, without Lancets;Determine;N/A;Test kit;100;1500;105000,00;70,00;0,70;Inverness Japan;Yes;341;9749,73;205,80
76374;Rwanda;PMO - US;Direct Drop;EXW;Air;0;No;HRDT;HIV test;SHANGHAI KEHUA BIOENGINEERING CO.,LTD.  (KHB);HIV 1/2, SKB Colloidal Gold, Diagnostic Kit, Antibody, 50 Tests;HIV 1/2, Colloidal Gold, Diagnostic Kit, Antibody;Colloidal Gold;N/A;Test kit;1;20481;501784,50;24,50;24,50;KHB Test Kit Facility, Shanghai China;Yes;13656;139951,34;620,71
19405;Tanzania;PMO - US;Direct Drop;EXW;Air;0;No;HRDT;HIV test;Standard Diagnostics, Inc.;HIV 1/2, Determine Complete HIV Kit, 100 Tests;HIV 1/2, Determine Complete HIV Kit;Determine;N/A;Test kit;100;3039;0,00;0,00;0,00;Alere Medical Co., Ltd.;Yes;1257;21351,18;0,00
5937;Vietnam;PMO - US;Direct Drop;CIP;Air;0;No;ARV;Pediatric;BRISTOL-MYERS SQUIBB;Didanosine 25mg [Videx], chewable tablets, 60 Tabs;Didanosine;Videx;25mg;Chewable/dispersible tablet;60;280;1960,00;7,00;0,12;BMS Meymac, France;Yes;60;1516,05;3,84
60812;Haiti;PMO - US;Direct Drop;CIP;Air;0;No;ARV;Pediatric;MERCK SHARP & DOHME IDEA GMBH (FORMALLY MERCK SHARP & DOHME B.V.);Efavirenz 30mg/ml [Stocrin/Sustiva], oral solution, Bottle, 180 ml;Efavirenz;Stocrin/Sustiva;30mg/ml;Oral solution;180;192;3256,32;16,96;0,09;MSD, Haarlem, NL;Yes;54;290,00;6,38
75623;Sudan;PMO - US;Direct Drop;EXW;Air;0;No;HRDT;HIV test;Trinity Biotech, Plc;HIV 1/2, Uni-Gold HIV Kit, 20 Tests;HIV 1/2, Uni-Gold HIV Kit;Uni-Gold;N/A;Test kit;20;750;24000,00;32,00;1,60;Trinity Biotech, Plc;Yes;253;2849,79;51,74
59928;Vietnam;PMO - US;Direct Drop;EXW;Air;0;No;ARV;Adult;MYLAN LABORATORIES LTD (FORMERLY MATRIX LABORATORIES);Efavirenz/Lamivudine/Tenofovir Disoproxil Fumarate 600/300/300mg, tablets, 30 Tabs;Efavirenz/Lamivudine/Tenofovir Disoproxil Fumarate;Generic;600/300/300mg;Tablet - FDC;30;14500;166605,00;11,49;0,38;Mylan (formerly Matrix) Nashik;Yes;1640;2503,07;206,09
60005;Tanzania;PMO - US;Direct Drop;EXW;Air;0;No;ARV;Adult;Aurobindo Pharma Limited;Lamivudine/Nevirapine/Zidovudine 150/200/300mg, tablets, 60 Tabs;Lamivudine/Nevirapine/Zidovudine;Generic;150/300/200mg;Tablet - FDC;60;33022;268468,86;8,13;0,14;Aurobindo Unit III, India;Yes;4190;16066,92;332,10
39441;Zambia;PMO - US;Direct Drop;EXW;Air;0;No;ARV;Pediatric;CIPLA LIMITED;Lamivudine/Nevirapine/Stavudine 60/100/12mg, dispersible tablets, 60 Tabs;Lamivudine/Nevirapine/Stavudine;Generic;60/100/12mg;Chewable/dispersible tablet - FDC;60;70000;301000,00;4,30;0,07;Cipla, Goa, India;Yes;5999;25383,34;422,00
63537;Nigeria;PMO - US;Direct Drop;EXW;Air;0;No;HRDT;HIV test;Orgenics, Ltd;HIV 1/2, Determine Complete HIV Kit, 100 Tests;HIV 1/2, Determine Complete HIV Kit;Determine;N/A;Test kit;100;6133;545837,00;89,00;0,89;Alere Medical Co., Ltd.;Yes;2483;31306,65;561,12
55297;Vietnam;PMO - US;Direct Drop;EXW;Air;0;No;ARV;Adult;MYLAN LABORATORIES LTD (FORMERLY MATRIX LABORATORIES);Abacavir 300mg, tablets, 60 Tabs;Abacavir;Generic;300mg;Tablet;60;100;1574,00;15,74;0,26;Mylan (formerly Matrix) Nashik;Yes;10;3896,68;3,39
63106;Cameroon;PMO - US;Direct Drop;EXW;Air;0;No;ARV;Adult;Aurobindo Pharma Limited;Lamivudine/Nevirapine/Zidovudine 150/200/300mg, tablets, 60 Tabs;Lamivudine/Nevirapine/Zidovudine;Generic;150/300/200mg;Tablet - FDC;60;38707;314687,91;8,13;0,14;Aurobindo Unit III, India;Yes;4926;40227,60;389,27
32496;Vietnam;PMO - US;Direct Drop;EXW;Air;0;No;ARV;Adult;MYLAN LABORATORIES LTD (FORMERLY MATRIX LABORATORIES);Lamivudine/Zidovudine 150/300mg, tablets, 60 Tabs;Lamivudine/Zidovudine;Generic;150/300mg;Tablet - FDC;60;4848;31463,52;6,49;0,11;Mylan (formerly Matrix) Nashik;Yes;415;1009,60;38,92
44783;Cªte d'Ivoire;PMO - US;Direct Drop;EXW;Air;0;No;HRDT;HIV test;Standard Diagnostics, Inc.;HIV 1/2, Bioline 3.0 Kit, (no accessories), 30 Tests;HIV 1/2, Bioline 3.0 Kit (no accessories);Bioline;N/A;Test kit;30;2418;58032,00;24,00;0,80;Standard Diagnostics, Korea;Yes;859;7894,76;95,75
70788;Nigeria;PMO - US;Direct Drop;EXW;Air;0;No;HRDT;HIV test;Orgenics, Ltd;HIV 1/2, Determine Complete HIV Kit, 100 Tests;HIV 1/2, Determine Complete HIV Kit;Determine;N/A;Test kit;100;3200;284800,00;89,00;0,89;Alere Medical Co., Ltd.;Yes;1533;35813,98;399,29
71263;Namibia;PMO - US;Direct Drop;EXW;Air;0;No;HRDT;HIV test;Trinity Biotech, Plc;HIV 1/2, Uni-Gold HIV Kit, 20 Tests;HIV 1/2, Uni-Gold HIV Kit;Uni-Gold;N/A;Test kit;20;728;23296,00;32,00;1,60;Trinity Biotech, Plc;Yes;245;6897,71;38,44
44045;Uganda;PMO - US;Direct Drop;EXW;Air;0;No;ARV;Pediatric;EMCURE PHARMACEUTICALS LTD;Atazanavir 150mg, capsules, 60 Caps;Atazanavir;Generic;150mg;Capsule;60;46;1200,14;26,09;0,43;Emcure Plot No.P-2, I.T-B.T. Park, Phase II, MIDC, Hinjwadi, Pune, India;Yes;3;986,79;2,35
21843;South Africa;PMO - US;Direct Drop;DDP;Ocean;0;No;ARV;Adult;Aurobindo Pharma Limited;Lamivudine/Zidovudine 150/300mg, tablets, 60 Tabs;Lamivudine/Zidovudine;Generic;150/300mg;Tablet - FDC;60;50000;421000,00;8,42;0,14;Aurobindo Unit III, India;Yes;4603;8033,13;694,65
5647;Uganda;PMO - US;Direct Drop;EXW;Air;0;No;HRDT;HIV test - Ancillary;Orgenics, Ltd;HIV, Lancet, Safety, for HIV Test kits, 100 Pcs;HIV, Lancet, Safety, for HIV Test kits, 100 Pcs;Generic;N/A;Test kit - Ancillary;100;850;8,50;0,01;0,00;Inverness Japan;Yes;56;360,00;0,01
81698;Vietnam;PMO - US;Direct Drop;EXW;Air;0;No;ARV;Adult;Aurobindo Pharma Limited;Lamivudine/Nevirapine/Zidovudine 150/200/300mg, tablets, 60 Tabs;Lamivudine/Nevirapine/Zidovudine;Generic;150/300/200mg;Tablet - FDC;60;12700;141605,00;11,15;0,19;Aurobindo Unit III, India;Yes;1572;13479,25;277,55
42274;South Africa;PMO - US;Direct Drop;DDP;Ocean;1;Yes;ARV;Adult;Aurobindo Pharma Limited;Tenofovir Disoproxil Fumarate 300mg, tablets, 30 Tabs;Tenofovir Disoproxil Fumarate;Generic;300mg;Tablet;30;76097;506045,05;6,65;0,22;Aurobindo Unit III, India;Yes;7105;6121,41;834,97
10282;Rwanda;PMO - US;Direct Drop;EXW;Air;0;No;HRDT;HIV test;Trinity Biotech, Plc;HIV 1/2, Uni-Gold HIV Kit, 20 Tests;HIV 1/2, Uni-Gold HIV Kit;Uni-Gold;N/A;Test kit;20;963;30816,00;32,00;1,60;Trinity Biotech, Plc;Yes;320;3100,66;60,40
36978;Vietnam;PMO - US;Direct Drop;EXW;Air;0;No;ARV;Pediatric;MICRO LABS LIMITED;Efavirenz 50mg, capsule, 30 Caps;Efavirenz;Generic;50mg;Capsule;30;1240;2504,80;2,02;0,07;Micro labs, Verna, Goa, India;Yes;71;990,04;3,51
10395;Haiti;PMO - US;Direct Drop;EXW;Air;0;No;HRDT;HIV test;Orasure Technologies Inc.;HIV 1/2, OraQuick Advance HIV Rapid Antibody Kit, 100 Tests;HIV 1/2, OraQuick Advance HIV Rapid Antibody Kit;OraQuick;N/A;Test kit;100;60;21000,00;350,00;3,50;Pacific Biotech, Thailand;Yes;144;4185,29;41,16
33144;Vietnam;PMO - US;Direct Drop;EXW;Air;0;No;ARV;Adult;MYLAN LABORATORIES LTD (FORMERLY MATRIX LABORATORIES);Tenofovir Disoproxil Fumarate 300mg, tablets, 30 Tabs;Tenofovir Disoproxil Fumarate;Generic;300mg;Tablet;30;4536;34020,00;7,50;0,25;Mylan (formerly Matrix) Nashik;Yes;266;3678,45;73,35
14431;Rwanda;PMO - US;Direct Drop;FCA;Air;0;No;ARV;Adult;Hoffmann-La Roche ltd Basel;Nelfinavir (as mesilate) 250mg [Viracept], tablets, 270 Tabs;Nelfinavir (as mesilate);Viracept;250mg;Tablet;270;109;17410,04;159,73;0,59;Roche Madrid;Yes;27;2205,25;28,73
28331;Kenya;PMO - US;Direct Drop;EXW;Air;0;No;HRDT;HIV test;Orgenics, Ltd;HIV 1/2, Determine Complete HIV Kit, 100 Tests;HIV 1/2, Determine Complete HIV Kit;Determine;N/A;Test kit;100;7018;624602,00;89,00;0,89;Alere Medical Co., Ltd.;Yes;2305;24428,55;875,69
46005;Rwanda;PMO - US;Direct Drop;CIP;Air;0;No;ARV;Pediatric;CIPLA LIMITED;Lamivudine 10mg/ml, oral solution, Bottle, 240 ml;Lamivudine;Generic;10mg/ml;Oral solution;240;9565;18651,75;1,95;0,01;Cipla, Goa, India;Yes;6490;3010,89;26,15
15643;Nigeria;PMO - US;Direct Drop;EXW;Air;0;No;HRDT;HIV test;Trinity Biotech, Plc;HIV 1/2, Uni-Gold HIV Kit, 20 Tests;HIV 1/2, Uni-Gold HIV Kit;Uni-Gold;N/A;Test kit;20;2000;64000,00;32,00;1,60;Trinity Biotech, Plc;Yes;793;7938,18;105,60
36539;Uganda;PMO - US;Direct Drop;EXW;Air;0;No;ARV;Adult;MYLAN LABORATORIES LTD (FORMERLY MATRIX LABORATORIES);Atazanavir/Ritonavir 300/100mg, tablets, 30 Tabs;Atazanavir/Ritonavir;Generic;300/100mg;Tablet;30;1665;37462,50;22,50;0,75;Mylan (formerly Matrix) Nashik;Yes;420;3900,39;46,34
1645;Cªte d'Ivoire;PMO - US;Direct Drop;EXW;Air;0;No;HRDT;HIV test;Orgenics, Ltd;HIV 1/2, Determine HIV Kit, without Lancets, 100 Tests;HIV 1/2, Determine HIV Kit, without Lancets;Determine;N/A;Test kit;100;1116;78120,00;70,00;0,70;Inverness Japan;Yes;256;7118,12;153,12
10464;Namibia;PMO - US;Direct Drop;EXW;Air;0;No;HRDT;HIV test;Orgenics, Ltd;HIV 1/2, Clearview Complete Kit, 25 Tests;HIV 1/2, Clearview Complete Kit;Clearview;N/A;Test kit;25;950;71250,00;75,00;3,00;Chembio Diagnostics Sys. Inc.;Yes;760;5213,02;139,65
43390;South Africa;PMO - US;Direct Drop;DDP;Air;0;No;ARV;Pediatric;GLAXOSMITHKLINE EXPORT LIMITED;Abacavir 20mg/ml [Ziagen], oral solution, Bottle, 240 ml;Abacavir;Ziagen;20mg/ml;Oral solution;240;60000;601200,00;10,02;0,04;GSK Mississauga (Canada);Yes;22956;27372,24;991,98
54840;Nigeria;PMO - US;Direct Drop;EXW;Air;0;No;HRDT;HIV test;Orgenics, Ltd;HIV 1/2, Determine Complete HIV Kit, 100 Tests;HIV 1/2, Determine Complete HIV Kit;Determine;N/A;Test kit;100;2744;244216,00;89,00;0,89;Alere Medical Co., Ltd.;Yes;1186;24927,19;342,39
74008;South Africa;PMO - US;Direct Drop;DDP;Ocean;0;No;ARV;Pediatric;GLAXOSMITHKLINE EXPORT LIMITED;Abacavir 20mg/ml [Ziagen], oral solution, Bottle, 240 ml;Abacavir;Ziagen;20mg/ml;Oral solution;240;20000;185600,00;9,28;0,04;GSK Mississauga (Canada);Yes;7664;8301,76;306,24
1889;Rwanda;PMO - US;Direct Drop;CIP;Air;0;No;ARV;Adult;Aurobindo Pharma Limited;Lamivudine/Nevirapine/Zidovudine 150/200/300mg, tablets, 60 Tabs;Lamivudine/Nevirapine/Zidovudine;Generic;150/300/200mg;Tablet - FDC;60;61021;725539,69;11,89;0,20;Aurobindo Unit III, India;Yes;6768;38120,96;1160,86
76813;Haiti;PMO - US;Direct Drop;FCA;Air;0;No;ARV;Pediatric;ABBVIE LOGISTICS (FORMERLY ABBOTT LOGISTICS BV);Lopinavir/Ritonavir 100/25mg [Aluvia], tablets, 60 Tabs;Lopinavir/Ritonavir;Generic;100/25mg;Tablet;60;45;406,80;9,04;0,15;ABBVIE Ludwigshafen Germany;Yes;13;928,11;0,80
6431;Cªte d'Ivoire;PMO - US;Direct Drop;FCA;Air;0;No;ARV;Pediatric;ABBVIE LOGISTICS (FORMERLY ABBOTT LOGISTICS BV);Lopinavir/Ritonavir 80/20mg/ml [Kaletra], oral solution, cool, Bottle 5 x 60 ml;Lopinavir/Ritonavir;Kaletra;80/20mg/ml;Oral solution;300;50;2055,00;41,10;0,14;ABBVIE (Abbott) Logis. UK;Yes;99;1939,99;4,03
5590;Nigeria;PMO - US;Direct Drop;EXW;Air;0;No;HRDT;HIV test;CHEMBIO DIAGNOSTIC SYSTEMS, INC.;HIV 1/2, Stat-Pak HIV, Kit, 20 Tests;HIV 1/2, Stat-Pak HIV, Kit;Stat-Pak;N/A;Test kit;20;7301;197127,00;27,00;1,35;Chembio Diagnostics Sys. Inc.;Yes;2093;16036,94;315,40
3552;Guyana;PMO - US;Direct Drop;EXW;Air;0;No;HRDT;HIV test;Orgenics, Ltd;HIV 1/2, Determine Complete HIV Kit, 100 Tests;HIV 1/2, Determine Complete HIV Kit;Determine;N/A;Test kit;100;213;15336,00;72,00;0,72;Inverness Japan;Yes;64;1083,36;30,06
29725;Haiti;PMO - US;Direct Drop;EXW;Ocean;0;No;ARV;Adult;Aurobindo Pharma Limited;Efavirenz/Lamivudine/Tenofovir Disoproxil Fumarate 600/300/300mg, tablets, 30 Tabs;Efavirenz/Lamivudine/Tenofovir Disoproxil Fumarate;Generic;600/300/300mg;Tablet - FDC;30;26010;273105,00;10,50;0,35;Aurobindo Unit VII, IN;Yes;3619;10101,17;280,75
46447;Uganda;PMO - US;Direct Drop;CIP;Air;0;No;ARV;Adult;ASPEN PHARMACARE;Darunavir 300mg [Prezista], tablets, 120 Tabs;Darunavir;Prezista;300mg;Tablet;120;841;56010,60;66,60;0,55;Aspen-OSD, Port Elizabeth, SA;Yes;169;359,53;69,29
2417;Mozambique;PMO - US;Direct Drop;EXW;Air;0;No;HRDT;HIV test;Orgenics, Ltd;HIV 1/2, Determine Complete HIV Kit, 100 Tests;HIV 1/2, Determine Complete HIV Kit;Determine;N/A;Test kit;100;9000;648000,00;72,00;0,72;Inverness Japan;Yes;2655;25052,69;1270,08
35643;Rwanda;PMO - US;Direct Drop;EXW;Air;0;No;ARV;Adult;EMCURE PHARMACEUTICALS LTD;Atazanavir/Ritonavir 300/100mg, tablets, 30 Tabs;Atazanavir/Ritonavir;Generic;300/100mg;Tablet;30;13823;248814,00;18,00;0,60;Emcure Plot No.P-2, I.T-B.T. Park, Phase II, MIDC, Hinjwadi, Pune, India;Yes;1805;10743,33;255,78
53691;Cªte d'Ivoire;PMO - US;Direct Drop;EXW;Air;0;No;HRDT;HIV test;Orgenics, Ltd;HIV 1/2, Determine Complete HIV Kit, 100 Tests;HIV 1/2, Determine Complete HIV Kit;Determine;N/A;Test kit;100;1470;117600,00;80,00;0,80;Alere Medical Co., Ltd.;Yes;595;7651,46;120,89
74683;Tanzania;PMO - US;Direct Drop;EXW;Air;0;No;HRDT;HIV test;Orgenics, Ltd;HIV 1/2, Determine Complete HIV Kit, 100 Tests;HIV 1/2, Determine Complete HIV Kit;Determine;N/A;Test kit;100;86;6880,00;80,00;0,80;Inverness Japan;Yes;40;1765,86;11,35
610;Vietnam;PMO - US;Direct Drop;EXW;Air;0;No;ARV;Adult;Aurobindo Pharma Limited;Lamivudine 150mg, tablets, 60 Tabs;Lamivudine;Generic;150mg;Tablet;60;38640;92736,00;2,40;0,04;Aurobindo Unit III, India;Yes;2719;18614,72;148,38
5976;Ethiopia;PMO - US;Direct Drop;EXW;Air;0;No;HRDT;HIV test;SHANGHAI KEHUA BIOENGINEERING CO.,LTD.  (KHB);HIV 1/2, SKB Colloidal Gold, Diagnostic Kit, Antibody, 50 Tests;HIV 1/2, Colloidal Gold, Diagnostic Kit, Antibody;Colloidal Gold;N/A;Test kit;1;6998;160954,00;23,00;23,00;KHB Test Kit Facility, Shanghai China;Yes;5057;44347,71;257,53
74786;Cªte d'Ivoire;PMO - US;Direct Drop;EXW;Air;0;No;HRDT;HIV test;Orgenics, Ltd;HIV 1/2, Determine Complete HIV Kit, 100 Tests;HIV 1/2, Determine Complete HIV Kit;Determine;N/A;Test kit;100;2070;165600,00;80,00;0,80;Alere Medical Co., Ltd.;Yes;988;19368,23;232,17
43989;Tanzania;PMO - US;Direct Drop;CIP;Air;0;No;ARV;Adult;BRISTOL-MYERS SQUIBB;Didanosine EC 400mg [Videx EC], delayed-release capsules, Blister 3 x 10 Caps;Didanosine EC;Videx EC;400mg;Delayed-release capsules - blister;30;3000;71010,00;23,67;0,79;BMS Meymac, France;Yes;363;777,00;139,18
29036;Uganda;PMO - US;Direct Drop;CIP;Air;0;No;ARV;Adult;MERCK SHARP & DOHME IDEA GMBH (FORMALLY MERCK SHARP & DOHME B.V.);Raltegravir 400mg [Isentress], tablets, 60 Tabs;Raltegravir;Isentress;400mg;Tablet;60;63;5764,50;91,50;1,52;MSD, Haarlem, NL;Yes;7;360,00;12,43
1213;Vietnam;PMO - US;Direct Drop;CIP;Air;0;No;ARV;Pediatric;BRISTOL-MYERS SQUIBB;Didanosine 25mg [Videx], chewable tablets, 60 Tabs;Didanosine;Videx;25mg;Chewable/dispersible tablet;60;400;2800,00;7,00;0,12;BMS Meymac, France;Yes;148;14,36;5,49
12929;Kenya;PMO - US;Direct Drop;EXW;Air;1;Yes;HRDT;HIV test;Orgenics, Ltd;HIV 1/2, Determine Complete HIV Kit, 100 Tests;HIV 1/2, Determine Complete HIV Kit;Determine;N/A;Test kit;100;1;80,00;80,00;0,80;Inverness Japan;Yes;1028;10083,69;0,17
33168;Tanzania;PMO - US;Direct Drop;EXW;Air;0;No;ARV;Adult;MYLAN LABORATORIES LTD (FORMERLY MATRIX LABORATORIES);Atazanavir/Ritonavir 300/100mg, tablets, 30 Tabs;Atazanavir/Ritonavir;Generic;300/100mg;Tablet;30;4779;107527,50;22,50;0,75;Mylan (formerly Matrix) Nashik;Yes;643;4142,07;133,01
37251;Sudan;PMO - US;Direct Drop;EXW;Air;0;No;HRDT;HIV test - Ancillary;Standard Diagnostics, Inc.;HIV 1/2, Bioline 3.0 Diluent, 25 Tests, Bottle x 5 ml;HIV 1/2, Bioline 3.0 Diluent, 25 Tests;Bioline;N/A;Test kit - Ancillary;1;13;11,70;0,90;0,90;Standard Diagnostics, Korea;Yes;1;137,50;0,02
64367;Sudan;PMO - US;Direct Drop;EXW;Air;0;No;HRDT;HIV test - Ancillary;Orgenics, Ltd;Capillary Tubes, for Determine, EDTA, 50uL,100 Pcs;HIV, Capillary Tubes, for Determine, EDTA, 50uL,100 Pcs;Determine;N/A;Test kit - Ancillary;100;4;32,00;8,00;0,08;Alere Medical Co., Ltd.;Yes;2;1076,15;0,05
64946;Ghana;PMO - US;Direct Drop;EXW;Air;0;No;ARV;Pediatric;MYLAN LABORATORIES LTD (FORMERLY MATRIX LABORATORIES);Abacavir/Lamivudine 60/30mg, tablets, 60 Tabs;Abacavir/Lamivudine;Generic;60/30mg;Tablet - FDC;60;9073;35838,35;3,95;0,07;Mylan (formerly Matrix) Nashik;Yes;437;4659,75;36,84
2506;Nigeria;PMO - US;Direct Drop;FCA;Air;0;No;ARV;Adult;ABBVIE LOGISTICS (FORMERLY ABBOTT LOGISTICS BV);Lopinavir/Ritonavir 200/50mg [Aluvia], tablets, 120 Tabs;Lopinavir/Ritonavir;Aluvia;200/50mg;Tablet;120;2040;83844,00;41,10;0,34;ABBVIE Ludwigshafen Germany;Yes;309;3777,93;164,33
2765;Vietnam;PMO - US;Direct Drop;EXW;Air;0;No;ARV;Adult;Aurobindo Pharma Limited;Efavirenz 600mg, tablets, 30 Tabs;Efavirenz;Generic;600mg;Tablet;30;22500;277425,00;12,33;0,41;Aurobindo Unit III, India;Yes;2895;18045,24;443,88
14785;Cªte d'Ivoire;PMO - US;Direct Drop;EXW;Air;0;No;HRDT;HIV test;Orgenics, Ltd;HIV 1/2, Determine Complete HIV Kit, 100 Tests;HIV 1/2, Determine Complete HIV Kit;Determine;N/A;Test kit;100;3200;256000,00;80,00;0,80;Alere Medical Co., Ltd.;Yes;1394;20822,73;316,67
51820;Swaziland;PMO - US;Direct Drop;EXW;Air;0;No;HRDT;HIV test;Orgenics, Ltd;HIV 1/2, Determine Complete HIV Kit, 100 Tests;HIV 1/2, Determine Complete HIV Kit;Determine;N/A;Test kit;100;240;19200,00;80,00;0,80;Alere Medical Co., Ltd.;Yes;100;2274,64;26,92
62253;Uganda;PMO - US;Direct Drop;EXW;Air;0;No;HRDT;HIV test;Trinity Biotech, Plc;HIV 1/2, Uni-Gold HIV Kit, 20 Tests;HIV 1/2, Uni-Gold HIV Kit;Uni-Gold;N/A;Test kit;20;1903;60896,00;32,00;1,60;Trinity Biotech, Plc;Yes;566;3603,93;62,60
71965;Zimbabwe;PMO - US;Direct Drop;EXW;Air;0;No;HRDT;HIV test;Orgenics, Ltd;HIV 1/2, Determine Complete HIV Kit, 100 Tests;HIV 1/2, Determine Complete HIV Kit;Determine;N/A;Test kit;100;1145;91600,00;80,00;0,80;Inverness Japan;Yes;647;13312,88;151,14
61612;Haiti;PMO - US;Direct Drop;EXW;Air;0;No;ARV;Adult;EMCURE PHARMACEUTICALS LTD;Atazanavir/Ritonavir 300/100mg, tablets, 30 Tabs;Atazanavir/Ritonavir;Generic;300/100mg;Tablet;30;1000;18000,00;18,00;0,60;Emcure Plot No.P-2, I.T-B.T. Park, Phase II, MIDC, Hinjwadi, Pune, India;Yes;132;1579,89;18,50
36643;South Africa;PMO - US;Direct Drop;DDP;Air;1;Yes;ARV;Adult;Aurobindo Pharma Limited;Zidovudine 300mg, tablets, 60 Tabs;Zidovudine;Generic;300mg;Tablet;60;8366;62159,38;7,43;0,12;Aurobindo Unit III, India;Yes;458;1697,90;134,02
14410;Nigeria;PMO - US;Direct Drop;EXW;Air;0;No;ACT;ACT;NOVARTIS PHARMA SERVICES AG;Artemether/Lumefantrine 20/120mg [Coartem], scored tablets, Blister 30 x 24 Tabs;Artemether/Lumefantrine;Coartem;20/120mg;Tablet - FDC + blister;720;1245;48555,00;39,00;0,05;Novartis Pharma Suffern, USA;Yes;859;5810,56;104,68
80767;South Africa;PMO - US;Direct Drop;DDP;Ocean;1;Yes;ARV;Adult;CIPLA LIMITED;Tenofovir Disoproxil Fumarate 300mg, tablets, 30 Tabs;Tenofovir Disoproxil Fumarate;Generic;300mg;Tablet;30;12722;89435,66;7,03;0,23;Cipla, Goa, India;Yes;875;6038,22;192,82
35065;Uganda;PMO - US;Direct Drop;DDP;Air;0;No;ARV;Adult;ASPEN PHARMACARE;Darunavir 300mg [Prezista], tablets, 120 Tabs;Darunavir;Prezista;300mg;Tablet;120;165;15140,40;91,76;0,76;Aspen-OSD, Port Elizabeth, SA;Yes;24;297,00;24,98
10085;Ethiopia;PMO - US;Direct Drop;EXW;Air;0;No;HRDT;HIV test;CHEMBIO DIAGNOSTIC SYSTEMS, INC.;HIV 1/2, Stat-Pak HIV, Kit, 20 Tests;HIV 1/2, Stat-Pak HIV, Kit;Stat-Pak;N/A;Test kit;20;9325;251775,00;27,00;1,35;Chembio Diagnostics Sys. Inc.;Yes;3061;15288,75;493,48
78789;Ethiopia;PMO - US;Direct Drop;EXW;Air;0;No;ARV;Adult;MYLAN LABORATORIES LTD (FORMERLY MATRIX LABORATORIES);Lamivudine/Tenofovir Disoproxil Fumarate 300/300mg, tablets, 30 Tabs;Lamivudine/Tenofovir Disoproxil Fumarate;Generic;300/300mg;Tablet - FDC;30;100000;624000,00;6,24;0,21;Mylan (formerly Matrix) Nashik;Yes;9565;60713,12;1029,60
58393;Liberia;PMO - US;Direct Drop;EXW;Air;0;No;HRDT;HIV test;Standard Diagnostics, Inc.;HIV 1/2, Bioline 3.0 Kit, Lancets, Capillary pipets, Alcohol swabs included, 25 Tests;HIV 1/2, Bioline 3.0 Kit, Lancets, Capillary pipets, Alcohol swabs included;Bioline;N/A;Test kit;25;100;2000,00;20,00;0,80;Standard Diagnostics, Korea;Yes;34;871,30;3,30
78120;Vietnam;PMO - US;Direct Drop;EXW;Air;0;No;ARV;Adult;HETERO LABS LIMITED;Nevirapine 200mg, tablets, 60 Tabs;Nevirapine;Generic;200mg;Tablet;60;7000;17010,00;2,43;0,04;Hetero Unit III Hyderabad IN;Yes;512;6015,18;28,07
5596;Benin;PMO - US;Direct Drop;EXW;Air;0;No;HRDT;HIV test;Orgenics, Ltd;HIV 1/2, Determine HIV Kit, without Lancets, 100 Tests;HIV 1/2, Determine HIV Kit, without Lancets;Determine;N/A;Test kit;100;1436;103377,64;71,99;0,72;Inverness Japan;Yes;327;6687,51;165,40
43634;South Sudan;PMO - US;Direct Drop;EXW;Air;0;No;HRDT;HIV test;Trinity Biotech, Plc;HIV 1/2, Uni-Gold HIV Kit, 20 Tests;HIV 1/2, Uni-Gold HIV Kit;Uni-Gold;N/A;Test kit;20;52;1664,00;32,00;1,60;Trinity Biotech, Plc;Yes;24;1170,36;2,06
72557;Uganda;PMO - US;Direct Drop;EXW;Air;1;Yes;HRDT;HIV test;Orgenics, Ltd;HIV 1/2, Determine Complete HIV Kit, 100 Tests;HIV 1/2, Determine Complete HIV Kit;Determine;N/A;Test kit;100;3032;242560,00;80,00;0,80;Alere Medical Co., Ltd.;Yes;1317;47892,57;300,05
78909;Nigeria;PMO - US;Direct Drop;EXW;Air;0;No;HRDT;HIV test;Orgenics, Ltd;HIV 1/2, Determine Complete HIV Kit, 100 Tests;HIV 1/2, Determine Complete HIV Kit;Determine;N/A;Test kit;100;9258;823962,00;89,00;0,89;Alere Medical Co., Ltd.;Yes;3759;57561,38;1019,24
22600;South Sudan;PMO - US;Direct Drop;EXW;Air;0;No;HRDT;HIV test;Orgenics, Ltd;HIV 1/2, Determine Complete HIV Kit, 100 Tests;HIV 1/2, Determine Complete HIV Kit;Determine;N/A;Test kit;100;250;22250,00;89,00;0,89;Alere Medical Co., Ltd.;Yes;115;2561,61;27,52
54045;Vietnam;PMO - US;Direct Drop;FCA;Air;0;No;ARV;Adult;ABBVIE LOGISTICS (FORMERLY ABBOTT LOGISTICS BV);Ritonavir 100mg [Norvir], capsules, cool, 4 x 84 Caps;Ritonavir;Norvir;100mg;Capsule;336;20;6137,60;306,88;0,91;ABBVIE (Abbott) Logis. UK;Yes;57;5795,92;13,23
70366;Cªte d'Ivoire;PMO - US;Direct Drop;CIP;Air;0;No;ARV;Adult;MERCK SHARP & DOHME IDEA GMBH (FORMALLY MERCK SHARP & DOHME B.V.);Efavirenz/Emtricitabine/Tenofovir Disoproxil Fumarate 600/200/300mg [Atripla], tablets, 30 Tabs;Efavirenz/Emtricitabine/Tenofovir Disoproxil Fumarate;Atripla;600/200/300mg;Tablet - FDC;30;3600;181440,00;50,40;1,68;MSD, Haarlem, NL;Yes;402;1924,57;355,62
1971;Guyana;PMO - US;Direct Drop;EXW;Air;0;No;MRDT;Malaria;ZEPHYR BIOMEDICALS;Malaria Paramax-3 Kit, 25 Tests;Malaria Paramax-3 Kit;Paramax;N/A;Test kit;25;108;4050,00;37,50;1,50;Not Applicable;Yes;34;648,27;7,94
68126;Tanzania;PMO - US;Direct Drop;EXW;Air;1;Yes;HRDT;HIV test;Orgenics, Ltd;HIV 1/2, Determine Complete HIV Kit, 100 Tests;HIV 1/2, Determine Complete HIV Kit;Determine;N/A;Test kit;100;1044;83520,00;80,00;0,80;Alere Medical Co., Ltd.;Yes;499;9894,85;117,10
27842;Uganda;PMO - US;Direct Drop;EXW;Air;0;No;HRDT;HIV test;Trinity Biotech, Plc;HIV 1/2, Uni-Gold HIV Kit, 20 Tests;HIV 1/2, Uni-Gold HIV Kit;Uni-Gold;N/A;Test kit;20;2481;79392,00;32,00;1,60;Trinity Biotech, Plc;Yes;780;5024,15;81,61
32953;Rwanda;PMO - US;Direct Drop;EXW;Air;0;No;ARV;Adult;MYLAN LABORATORIES LTD (FORMERLY MATRIX LABORATORIES);Abacavir/Lamivudine 600/300mg, tablets, 30 Tabs;Abacavir/Lamivudine;Generic;600/300mg;Tablet - FDC;30;40705;549110,45;13,49;0,45;Mylan (formerly Matrix) Nashik;Yes;3948;24035,49;679,25
74707;Ghana;PMO - US;Direct Drop;EXW;Air;0;No;ARV;Pediatric;Aurobindo Pharma Limited;Zidovudine 10mg/ml, oral solution, Bottle, 240 ml;Zidovudine;Generic;10mg/ml;Oral solution;240;3652;7304,00;2,00;0,01;Aurobindo Unit III, India;Yes;1575;8130,55;7,51
61595;Cªte d'Ivoire;PMO - US;Direct Drop;EXW;Air;0;No;HRDT;HIV test;Standard Diagnostics, Inc.;HIV 1/2, Bioline 3.0 Kit, Lancets, Capillary pipets, Alcohol swabs included, 25 Tests;HIV 1/2, Bioline 3.0 Kit, Lancets, Capillary pipets, Alcohol swabs included;Bioline;N/A;Test kit;25;3800;77900,00;20,50;0,82;Standard Diagnostics, Korea;Yes;1267;12711,93;96,36
78767;Burundi;PMO - US;Direct Drop;EXW;Air;0;No;HRDT;HIV test;Orgenics, Ltd;HIV 1/2, Determine Complete HIV Kit, 100 Tests;HIV 1/2, Determine Complete HIV Kit;Determine;N/A;Test kit;100;1268;101440,00;80,00;0,80;Alere Medical Co., Ltd.;Yes;516;9802,95;125,48
39971;Vietnam;PMO - US;Direct Drop;FCA;Air;0;No;ARV;Pediatric;ABBVIE LOGISTICS (FORMERLY ABBOTT LOGISTICS BV);Lopinavir/Ritonavir 100/25mg [Aluvia], tablets, 60 Tabs;Lopinavir/Ritonavir;Generic;100/25mg;Tablet;60;104;1581,84;15,21;0,25;ABBVIE Ludwigshafen Germany;Yes;18;612,07;2,22
9640;Guyana;PMO - US;Direct Drop;EXW;Air;0;No;HRDT;HIV test;Trinity Biotech, Plc;HIV 1/2, Uni-Gold HIV Kit, 20 Tests;HIV 1/2, Uni-Gold HIV Kit;Uni-Gold;N/A;Test kit;20;748;23936,00;32,00;1,60;Trinity Biotech, Plc;Yes;748;3740,04;38,30
4458;Vietnam;PMO - US;Direct Drop;EXW;Air;0;No;ARV;Adult;Aurobindo Pharma Limited;Lamivudine/Zidovudine 150/300mg, tablets, 60 Tabs;Lamivudine/Zidovudine;Generic;150/300mg;Tablet - FDC;60;2016;18648,00;9,25;0,15;Aurobindo Unit III, India;Yes;185;5551,97;29,84
33872;Vietnam;PMO - US;Direct Drop;EXW;Air;0;No;ARV;Adult;HETERO LABS LIMITED;Efavirenz/Lamivudine/Tenofovir Disoproxil Fumarate 600/300/300mg, tablets, 30 Tabs;Efavirenz/Lamivudine/Tenofovir Disoproxil Fumarate;Generic;600/300/300mg;Tablet - FDC;30;22752;238896,00;10,50;0,35;Hetero Unit III Hyderabad IN;Yes;3195;5583,11;245,59
19656;South Africa;PMO - US;Direct Drop;DDP;Ocean;0;No;ARV;Adult;STRIDES ARCOLAB LIMITED;Lamivudine 150mg, tablets, 60 Tabs;Lamivudine;Generic;150mg;Tablet;60;168711;416716,17;2,47;0,04;Strides, Bangalore, India.;Yes;8183;12225,76;898,44
66100;Ghana;PMO - US;Direct Drop;EXW;Air;0;No;ARV;Adult;HETERO LABS LIMITED;Lamivudine/Tenofovir Disoproxil Fumarate 300/300mg, tablets, 30 Tabs;Lamivudine/Tenofovir Disoproxil Fumarate;Generic;300/300mg;Tablet - FDC;30;45632;210819,84;4,62;0,15;Hetero Unit III Hyderabad IN;Yes;4486;20394,49;216,72
13988;Haiti;PMO - US;Direct Drop;EXW;Air;0;No;HRDT;HIV test;SHANGHAI KEHUA BIOENGINEERING CO.,LTD.  (KHB);HIV 1/2, SKB Colloidal Gold, Diagnostic Kit, Antibody, 50 Tests;HIV 1/2, Colloidal Gold, Diagnostic Kit, Antibody;Colloidal Gold;N/A;Test kit;1;300;7350,00;24,50;24,50;KHB Test Kit Facility, Shanghai China;Yes;182;2581,83;9,09
8407;Nigeria;PMO - US;Direct Drop;EXW;Air;0;No;HRDT;HIV test;Orgenics, Ltd;HIV 1/2, Determine HIV Kit, without Lancets, 100 Tests;HIV 1/2, Determine HIV Kit, without Lancets;Determine;N/A;Test kit;100;1130;90388,70;79,99;0,80;Inverness Japan;Yes;258;3748,24;144,62
30629;Nigeria;PMO - US;Direct Drop;EXW;Air;1;Yes;HRDT;HIV test;Orgenics, Ltd;HIV 1/2, Determine Complete HIV Kit, 100 Tests;HIV 1/2, Determine Complete HIV Kit;Determine;N/A;Test kit;100;614;54646,00;89,00;0,89;Alere Medical Co., Ltd.;Yes;295;7444,13;76,61
1647;Guyana;PMO - US;Direct Drop;EXW;Air;0;No;HRDT;HIV test;Orgenics, Ltd;HIV 1/2, Determine HIV Kit, without Lancets, 100 Tests;HIV 1/2, Determine HIV Kit, without Lancets;Determine;N/A;Test kit;100;213;15333,87;71,99;0,72;Inverness Japan;Yes;49;959,46;24,53
39547;Cªte d'Ivoire;PMO - US;Direct Drop;EXW;Air;0;No;HRDT;HIV test;Orgenics, Ltd;HIV 1/2, Determine HIV Kit, without Lancets, 100 Tests;HIV 1/2, Determine HIV Kit, without Lancets;Determine;N/A;Test kit;100;3000;233100,00;77,70;0,78;Inverness Japan;Yes;679;11163,49;502,56
52206;Haiti;PMO - US;Direct Drop;FCA;Air;0;No;ARV;Pediatric;ABBVIE LOGISTICS (FORMERLY ABBOTT LOGISTICS BV);Lopinavir/Ritonavir 100/25mg [Aluvia], tablets, 60 Tabs;Lopinavir/Ritonavir;Generic;100/25mg;Tablet;60;300;2712,00;9,04;0,15;ABBVIE Ludwigshafen Germany;Yes;44;1075,54;5,85
25075;Cªte d'Ivoire;PMO - US;Direct Drop;EXW;Air;0;No;HRDT;HIV test;CHEMBIO DIAGNOSTIC SYSTEMS, INC.;HIV 1/2, Stat-Pak HIV, Kit, 20 Tests;HIV 1/2, Stat-Pak HIV, Kit;Stat-Pak;N/A;Test kit;20;2120;65720,00;31,00;1,55;Chembio Diagnostics Sys. Inc.;Yes;610;8231,14;67,56
5796;Vietnam;PMO - US;Direct Drop;EXW;Air;0;No;ARV;Adult;MYLAN LABORATORIES LTD (FORMERLY MATRIX LABORATORIES);Lamivudine 150mg, tablets, 60 Tabs;Lamivudine;Generic;150mg;Tablet;60;9576;24897,60;2,60;0,04;Mylan (formerly Matrix) Nashik;Yes;889;7884,80;39,84
29317;Vietnam;PMO - US;Direct Drop;EXW;Air;0;No;ARV;Adult;Aurobindo Pharma Limited;Nevirapine 200mg, tablets, 60 Tabs;Nevirapine;Generic;200mg;Tablet;60;6000;13500,00;2,25;0,04;Aurobindo Unit III, India;Yes;594;1113,01;16,70
71245;Vietnam;PMO - US;Direct Drop;EXW;Air;0;No;ARV;Adult;STRIDES ARCOLAB LIMITED;Lamivudine 150mg, tablets, 60 Tabs;Lamivudine;Generic;150mg;Tablet;60;50000;117500,00;2,35;0,04;Strides, Bangalore, India.;Yes;2351;10122,75;193,88
31551;South Africa;PMO - US;Direct Drop;DDP;Ocean;0;No;ARV;Adult;CIPLA LIMITED;Nevirapine 200mg, tablets, 60 Tabs;Nevirapine;Generic;200mg;Tablet;60;6000;16320,00;2,72;0,05;Cipla, Goa, India;Yes;638;654,72;26,93
3719;Haiti;PMO - US;Direct Drop;FCA;Air;0;No;ARV;Adult;ABBVIE LOGISTICS (FORMERLY ABBOTT LOGISTICS BV);Lopinavir/Ritonavir 200/50mg [Aluvia], tablets, 120 Tabs;Lopinavir/Ritonavir;Aluvia;200/50mg;Tablet;120;1470;60417,00;41,10;0,34;ABBVIE Ludwigshafen Germany;Yes;362;2490,67;118,42
6693;Guyana;PMO - US;Direct Drop;EXW;Air;0;No;HRDT;HIV test;CHEMBIO DIAGNOSTIC SYSTEMS, INC.;HIV 1/2, Stat-Pak HIV, Kit, 20 Tests;HIV 1/2, Stat-Pak HIV, Kit;Stat-Pak;N/A;Test kit;20;50;1350,00;27,00;1,35;Chembio Diagnostics Sys. Inc.;Yes;13;581,10;2,16
17003;Mozambique;PMO - US;Direct Drop;FCA;Air;0;No;ARV;Adult;ABBVIE LOGISTICS (FORMERLY ABBOTT LOGISTICS BV);Ritonavir 100mg [Norvir], film coated tablets, 60 Tabs;Ritonavir;Norvir;100mg;Tablet;60;120;822,00;6,85;0,11;ABBVIE Ludwigshafen Germany;Yes;22;828,76;0,85
8770;Ethiopia;PMO - US;Direct Drop;EXW;Air;0;No;HRDT;HIV test;SHANGHAI KEHUA BIOENGINEERING CO.,LTD.  (KHB);HIV 1/2, SKB Colloidal Gold, Diagnostic Kit, Antibody, 50 Tests;HIV 1/2, Colloidal Gold, Diagnostic Kit, Antibody;Colloidal Gold;N/A;Test kit;1;3470;79810,00;23,00;23,00;KHB Test Kit Facility, Shanghai China;Yes;2509;22803,80;156,43
34113;South Sudan;PMO - US;Direct Drop;EXW;Air;0;No;HRDT;HIV test - Ancillary;Orgenics, Ltd;Chase Buffer, Determine, 100 Tests, 2.5ml x 1 Vial;Chase Buffer, Determine, 100 Tests, 2.5ml x 1 Vial;Determine;N/A;Test kit - Ancillary;1;115;575,00;5,00;5,00;Alere Medical Co., Ltd.;Yes;115;2660,05;0,71
54562;Kenya;PMO - US;Direct Drop;EXW;Air;0;No;HRDT;HIV test;Trinity Biotech, Plc;HIV 1/2, Uni-Gold HIV Kit, 20 Tests;HIV 1/2, Uni-Gold HIV Kit;Uni-Gold;N/A;Test kit;20;1515;48480,00;32,00;1,60;Trinity Biotech, Plc;Yes;518;4851,00;104,52
78589;Botswana;PMO - US;Direct Drop;EXW;Air;0;No;ARV;Adult;HETERO LABS LIMITED;Efavirenz/Emtricitabine/Tenofovir Disoproxil Fumarate 600/200/300mg, tablets, 30 Tabs;Efavirenz/Emtricitabine/Tenofovir Disoproxil Fumarate;Generic;600/200/300mg;Tablet - FDC;30;34735;362286,05;10,43;0,35;Hetero, Jadcherla, unit 5, IN;Yes;4260;21035,49;426,41
29538;Haiti;PMO - US;Direct Drop;EXW;Air;0;No;ARV;Adult;MYLAN LABORATORIES LTD (FORMERLY MATRIX LABORATORIES);Lamivudine/Nevirapine/Zidovudine 150/200/300mg, tablets, 60 Tabs;Lamivudine/Nevirapine/Zidovudine;Generic;150/300/200mg;Tablet - FDC;60;26608;215524,80;8,10;0,13;Mylan (formerly Matrix) Nashik;Yes;3699;21146,04;221,56
49025;Cameroon;PMO - US;Direct Drop;EXW;Air;0;No;HRDT;HIV test;Orasure Technologies Inc.;HIV 1/2, OraQuick Rapid Antibody Kit, 100 Tests;HIV 1/2, OraQuick Rapid Antibody Kit;OraQuick;N/A;Test kit;100;2000;700000,00;350,00;3,50;Orasure Technologies, Inc;Yes;5006;88560,19;865,90
77552;Nigeria;PMO - US;Direct Drop;EXW;Air;0;No;HRDT;HIV test;Orgenics, Ltd;HIV 1/2, Determine Complete HIV Kit, 100 Tests;HIV 1/2, Determine Complete HIV Kit;Determine;N/A;Test kit;100;3036;270204,00;89,00;0,89;Alere Medical Co., Ltd.;Yes;1233;20602,30;334,24
19620;Cªte d'Ivoire;PMO - US;Direct Drop;FCA;Air;0;No;ARV;Adult;ABBVIE LOGISTICS (FORMERLY ABBOTT LOGISTICS BV);Lopinavir/Ritonavir 200/50mg [Aluvia], tablets, 120 Tabs;Lopinavir/Ritonavir;Aluvia;200/50mg;Tablet;120;7320;264691,20;36,16;0,30;ABBVIE Ludwigshafen Germany;Yes;1838;13562,36;436,74
14043;Vietnam;PMO - US;Direct Drop;EXW;Air;0;No;ARV;Adult;Aurobindo Pharma Limited;Tenofovir Disoproxil Fumarate 300mg, tablets, 30 Tabs;Tenofovir Disoproxil Fumarate;Generic;300mg;Tablet;30;3528;27342,00;7,75;0,26;Aurobindo Unit III, India;Yes;395;3538,57;58,95
76340;Cªte d'Ivoire;PMO - US;Direct Drop;EXW;Air;0;No;HRDT;HIV test;BIO-RAD LABORATORIES (FRANCE);#108853** HIV, Genie II HIV-1/HIV-2 Kit, 40 Tests;HIV, Genie II HIV-1/HIV-2 Kit;Genie;N/A;Test kit;40;2400;264000,00;110,00;2,75;Bio-Rad Laboratories;Yes;2635;19145,80;569,18
76483;Sudan;PMO - US;Direct Drop;EXW;Air;0;No;HRDT;HIV test;Orgenics, Ltd;HIV 1/2, Determine Complete HIV Kit, 100 Tests;HIV 1/2, Determine Complete HIV Kit;Determine;N/A;Test kit;100;130;11570,00;89,00;0,89;Inverness Japan;Yes;60;2084,49;24,94
36641;Zimbabwe;PMO - US;Direct Drop;EXW;Air;0;No;HRDT;HIV test;Orgenics, Ltd;HIV 1/2, Determine Complete HIV Kit, 100 Tests;HIV 1/2, Determine Complete HIV Kit;Determine;N/A;Test kit;100;1500;120000,00;80,00;0,80;Alere Medical Co., Ltd.;Yes;781;9914,59;141,24
46460;Uganda;PMO - US;Direct Drop;EXW;Air;0;No;ARV;Pediatric;Aurobindo Pharma Limited;Lopinavir/Ritonavir 100/25mg, tablets, 60 Tabs;Lopinavir/Ritonavir;Generic;100/25mg;Tablet;60;1560;12542,40;8,04;0,13;Aurobindo Unit III, India;Yes;166;1488,99;14,76
8192;Rwanda;PMO - US;Direct Drop;CIP;Air;0;No;ARV;Adult;CIPLA LIMITED;Lamivudine/Nevirapine/Stavudine 150/200/30mg, tablets, 60 Tabs;Lamivudine/Nevirapine/Stavudine;Generic;150/200/30mg;Tablet - FDC;60;100000;700000,00;7,00;0,12;Cipla, Goa, India;Yes;10303;35034,75;1120,00
26961;Haiti;PMO - US;Direct Drop;FCA;Air;0;No;ARV;Adult;ABBVIE LOGISTICS (FORMERLY ABBOTT LOGISTICS BV);Lopinavir/Ritonavir 200/50mg [Aluvia], tablets, 120 Tabs;Lopinavir/Ritonavir;Aluvia;200/50mg;Tablet;120;1008;18809,28;18,66;0,16;ABBVIE Ludwigshafen Germany;Yes;406;2562,60;19,34
47853;Tanzania;PMO - US;Direct Drop;EXW;Air;0;No;HRDT;HIV test;Orgenics, Ltd;HIV 1/2, Determine HIV Kit, without Lancets, 100 Tests;HIV 1/2, Determine HIV Kit, without Lancets;Determine;N/A;Test kit;100;2024;141680,00;70,00;0,70;Inverness Japan;Yes;461;6923,20;277,69
81909;Nigeria;PMO - US;Direct Drop;EXW;Air;0;No;HRDT;HIV test;Orgenics, Ltd;HIV 1/2, Determine Complete HIV Kit, 100 Tests;HIV 1/2, Determine Complete HIV Kit;Determine;N/A;Test kit;100;3031;269759,00;89,00;0,89;Alere Medical Co., Ltd.;Yes;1231;20705,23;333,69
40627;South Africa;PMO - US;Direct Drop;DDP;Ocean;0;No;ARV;Adult;STRIDES ARCOLAB LIMITED;Nevirapine 200mg, tablets, 60 Tabs;Nevirapine;Generic;200mg;Tablet;60;150000;430500,00;2,87;0,05;Strides, Bangalore, India.;Yes;9282;15222,94;710,32
48741;Cªte d'Ivoire;PMO - US;Direct Drop;EXW;Air;0;No;ARV;Pediatric;CIPLA LIMITED;Nevirapine 50mg, dispersible tablets, 60 Tabs;Nevirapine;Generic;50mg;Chewable/dispersible tablet;60;3900;7215,00;1,85;0,03;Cipla, Patalganga, India;Yes;321;3740,01;7,42
39133;Tanzania;PMO - US;Direct Drop;EXW;Air;0;No;HRDT;HIV test;Orgenics, Ltd;HIV 1/2, Determine Complete HIV Kit, 100 Tests;HIV 1/2, Determine Complete HIV Kit;Determine;N/A;Test kit;100;3;240,00;80,00;0,80;Alere Medical Co., Ltd.;Yes;2;925,04;0,30
69754;Zambia;PMO - US;Direct Drop;EXW;Air;0;No;HRDT;HIV test;Orgenics, Ltd;HIV 1/2, Determine Complete HIV Kit, 100 Tests;HIV 1/2, Determine Complete HIV Kit;Determine;N/A;Test kit;100;2100;151200,00;72,00;0,72;Inverness Japan;Yes;1016;16061,50;325,99
5446;Rwanda;PMO - US;Direct Drop;EXW;Air;0;No;HRDT;HIV test;Premier Medical Corporation Ltd.;HIV 1/2/O, First Response HIV 1-2.0, v.3.0 Cards Kit, 30 Tests;HIV 1/2/O, First Response HIV 1-2.0, v.3.0 Cards Kit;First Response;N/A;Test kit;30;1400;23100,00;16,50;0,55;Premier Med. Corp Ltd. India;Yes;405;3616,95;36,96
69208;Haiti;PMO - US;Direct Drop;CIP;Air;0;No;ARV;Pediatric;MERCK SHARP & DOHME IDEA GMBH (FORMALLY MERCK SHARP & DOHME B.V.);Efavirenz 30mg/ml [Stocrin/Sustiva], oral solution, Bottle, 180 ml;Efavirenz;Stocrin/Sustiva;30mg/ml;Oral solution;180;342;5800,32;16,96;0,09;MSD, Haarlem, NL;Yes;109;290,00;12,51
1646;Guyana;PMO - US;Direct Drop;EXW;Air;0;No;HRDT;HIV test;Trinity Biotech, Plc;HIV 1/2, Uni-Gold HIV Kit, 20 Tests;HIV 1/2, Uni-Gold HIV Kit;Uni-Gold;N/A;Test kit;20;832;26624,00;32,00;1,60;Trinity Biotech, Plc;Yes;832;3740,04;42,60
48523;Tanzania;PMO - US;Direct Drop;EXW;Air;0;No;HRDT;HIV test;Orgenics, Ltd;HIV 1/2, Determine Complete HIV Kit, 100 Tests;HIV 1/2, Determine Complete HIV Kit;Determine;N/A;Test kit;100;2744;219520,00;80,00;0,80;Alere Medical Co., Ltd.;Yes;1303;22223,94;307,77
71009;Liberia;PMO - US;Direct Drop;EXW;Air;0;No;HRDT;HIV test;Trinity Biotech, Plc;HIV 1/2, Uni-Gold HIV Kit, 20 Tests;HIV 1/2, Uni-Gold HIV Kit;Uni-Gold;N/A;Test kit;20;20;640,00;32,00;1,60;Trinity Biotech, Plc;Yes;7;498,72;1,06
1939;Zambia;PMO - US;Direct Drop;EXW;Air;0;No;HRDT;HIV test - Ancillary;Orgenics, Ltd;HIV, Lancet, Safety, for HIV Test kits, 100 Pcs;HIV, Lancet, Safety, for HIV Test kits, 100 Pcs;Generic;N/A;Test kit - Ancillary;100;3000;30,00;0,01;0,00;Inverness Japan;Yes;889;7303,52;0,05
16693;Kenya;PMO - US;Direct Drop;FCA;Air;0;No;HRDT;HIV test;Orgenics, Ltd;HIV 1/2, Determine Complete HIV Kit, 100 Tests;HIV 1/2, Determine Complete HIV Kit;Determine;N/A;Test kit;100;12315;1096035,00;89,00;0,89;Inverness Japan;Yes;3637;38452,73;1808,46
34564;Burundi;PMO - US;Direct Drop;EXW;Air;0;No;HRDT;HIV test;Orgenics, Ltd;HIV 1/2, Determine Complete HIV Kit, 100 Tests;HIV 1/2, Determine Complete HIV Kit;Determine;N/A;Test kit;100;1586;126880,00;80,00;0,80;Alere Medical Co., Ltd.;Yes;972;14419,91;149,34
79885;Zimbabwe;PMO - US;Direct Drop;EXW;Air Charter;0;No;ARV;Adult;HETERO LABS LIMITED;Lamivudine/Tenofovir Disoproxil Fumarate 300/300mg, tablets, 30 Tabs;Lamivudine/Tenofovir Disoproxil Fumarate;Generic;300/300mg;Tablet - FDC;30;27053;124984,86;4,62;0,15;Hetero Unit III Hyderabad IN;Yes;4598;25467,64;128,48
35539;Sudan;PMO - US;Direct Drop;EXW;Air;0;No;HRDT;HIV test;Orgenics, Ltd;HIV 1/2, Determine Complete HIV Kit, 100 Tests;HIV 1/2, Determine Complete HIV Kit;Determine;N/A;Test kit;100;20;1780,00;89,00;0,89;Alere Medical Co., Ltd.;Yes;10;900,53;2,94
36277;Haiti;PMO - US;Direct Drop;EXW;Air;0;No;HRDT;HIV test;Orasure Technologies Inc.;HIV 1/2, OraQuick Advance HIV Rapid Antibody Kit, 100 Tests;HIV 1/2, OraQuick Advance HIV Rapid Antibody Kit;OraQuick;N/A;Test kit;100;100;35000,00;350,00;3,50;Orasure Technologies, Inc;Yes;240;4355,70;75,46
23466;Rwanda;PMO - US;Direct Drop;CIP;Air;0;No;ARV;Adult;Aurobindo Pharma Limited;Lopinavir/Ritonavir 200/50mg, tablets, 120 Tabs;Lopinavir/Ritonavir;Generic;200/50mg;Tablet;120;2240;83686,40;37,36;0,31;Aurobindo Unit III, India;Yes;554;7531,78;164,03
14178;Tanzania;PMO - US;Direct Drop;EXW;Air;1;Yes;HRDT;HIV test;Standard Diagnostics, Inc.;HIV 1/2, Bioline 3.0 Kit, Lancets, Capillary pipets, Alcohol swabs included, 25 Tests;HIV 1/2, Bioline 3.0 Kit, Lancets, Capillary pipets, Alcohol swabs included;Bioline;N/A;Test kit;25;10000;200000,00;20,00;0,80;Standard Diagnostics, Korea;Yes;3334;21952,35;330,00
19359;Zimbabwe;PMO - US;Direct Drop;EXW;Air;0;No;ARV;Pediatric;ABBVIE LOGISTICS (FORMERLY ABBOTT LOGISTICS BV);Lopinavir/Ritonavir 80/20mg/ml [Kaletra], oral solution, cool, Bottle 5 x 60 ml;Lopinavir/Ritonavir;Kaletra;80/20mg/ml;Oral solution;300;2025;62410,50;30,82;0,10;ABBVIE (Abbott) Logis. UK;Yes;1902;16777,24;64,16
41910;Burundi;PMO - US;Direct Drop;EXW;Air;0;No;HRDT;HIV test;Orgenics, Ltd;HIV 1/2, Determine Complete HIV Kit, 100 Tests;HIV 1/2, Determine Complete HIV Kit;Determine;N/A;Test kit;100;675;54000,00;80,00;0,80;Alere Medical Co., Ltd.;Yes;278;5626,76;55,51
8263;Nigeria;PMO - US;Direct Drop;EXW;Air;0;No;HRDT;HIV test;CHEMBIO DIAGNOSTIC SYSTEMS, INC.;HIV 1/2, Stat-Pak HIV, Kit, 20 Tests;HIV 1/2, Stat-Pak HIV, Kit;Stat-Pak;N/A;Test kit;20;6520;176040,00;27,00;1,35;Chembio Diagnostics Sys. Inc.;Yes;2224;12768,47;281,66
1527;Nigeria;PMO - US;Direct Drop;EXW;Air;0;No;HRDT;HIV test;CHEMBIO DIAGNOSTIC SYSTEMS, INC.;HIV 1/2, Stat-Pak HIV, Kit, 20 Tests;HIV 1/2, Stat-Pak HIV, Kit;Stat-Pak;N/A;Test kit;20;10000;270000,00;27,00;1,35;Chembio Diagnostics Sys. Inc.;Yes;3336;28002,75;432,00
24875;Vietnam;PMO - US;Direct Drop;EXW;Air;0;No;ARV;Adult;MYLAN LABORATORIES LTD (FORMERLY MATRIX LABORATORIES);Lamivudine/Nevirapine/Zidovudine 150/200/300mg, tablets, 60 Tabs;Lamivudine/Nevirapine/Zidovudine;Generic;150/300/200mg;Tablet - FDC;60;27900;225990,00;8,10;0,13;Mylan (formerly Matrix) Nashik;Yes;3868;7238,46;232,32
2399;Haiti;PMO - US;Direct Drop;EXW;Air;0;No;ARV;Pediatric;Aurobindo Pharma Limited;Zidovudine 100mg, capsules, 100 Caps;Zidovudine;Generic;100mg;Capsule;100;2100;10500,00;5,00;0,05;Aurobindo Unit III, India;Yes;187;1903,54;20,58
79081;South Sudan;PMO - US;Direct Drop;EXW;Air;0;No;HRDT;HIV test;Trinity Biotech, Plc;HIV 1/2, Uni-Gold HIV Kit, 20 Tests;HIV 1/2, Uni-Gold HIV Kit;Uni-Gold;N/A;Test kit;20;444;14208,00;32,00;1,60;Trinity Biotech, Plc;Yes;132;1847,97;14,61
64319;Nigeria;PMO - US;Direct Drop;EXW;Air;1;Yes;HRDT;HIV test;Orgenics, Ltd;HIV 1/2, Determine Complete HIV Kit, 100 Tests;HIV 1/2, Determine Complete HIV Kit;Determine;N/A;Test kit;100;2835;252315,00;89,00;0,89;Alere Medical Co., Ltd.;Yes;1352;30726,22;353,75
43912;Haiti;PMO - US;Direct Drop;EXW;Air;0;No;ARV;Adult;Aurobindo Pharma Limited;Lamivudine/Zidovudine 150/300mg, tablets, 60 Tabs;Lamivudine/Zidovudine;Generic;150/300mg;Tablet - FDC;60;1217;8239,09;6,77;0,11;Aurobindo Unit III, India;Yes;124;976,44;8,47
5701;Vietnam;PMO - US;Direct Drop;EXW;Air;0;No;ARV;Adult;Aurobindo Pharma Limited;Abacavir 300mg, tablets, 60 Tabs;Abacavir;Generic;300mg;Tablet;60;500;12500,00;25,00;0,42;Aurobindo Unit III, India;Yes;124;5217,59;20,00
13379;Malawi;PMO - US;Direct Drop;EXW;Ocean;0;No;ARV;Adult;MYLAN LABORATORIES LTD (FORMERLY MATRIX LABORATORIES);Efavirenz/Lamivudine/Tenofovir Disoproxil Fumarate 600/300/300mg, tablets, 30 Tabs;Efavirenz/Lamivudine/Tenofovir Disoproxil Fumarate;Generic;600/300/300mg;Tablet - FDC;30;243800;2801262,00;11,49;0,38;Mylan (formerly Matrix) Nashik;Yes;27549;24875,46;3465,16
49907;Malawi;PMO - US;Direct Drop;EXW;Ocean;0;No;ARV;Adult;MYLAN LABORATORIES LTD (FORMERLY MATRIX LABORATORIES);Efavirenz/Lamivudine/Tenofovir Disoproxil Fumarate 600/300/300mg, tablets, 30 Tabs;Efavirenz/Lamivudine/Tenofovir Disoproxil Fumarate;Generic;600/300/300mg;Tablet - FDC;30;60000;689400,00;11,49;0,38;Mylan (formerly Matrix) Nashik;Yes;6778;15020,21;852,79
78727;Rwanda;PMO - US;Direct Drop;FCA;Air;0;No;ARV;Pediatric;Hoffmann-La Roche ltd Basel;Nelfinavir 50mg/g [Viracept], oral powder, 144g;Nelfinavir;Viracept;50mg/g;Oral powder;144;148;5429,50;36,69;0,25;Roche Basel;Yes;27;1253,71;11,71
55679;Tanzania;PMO - US;Direct Drop;EXW;Air;0;No;HRDT;HIV test;Orgenics, Ltd;HIV 1/2, Determine Complete HIV Kit, 100 Tests;HIV 1/2, Determine Complete HIV Kit;Determine;N/A;Test kit;100;2744;219520,00;80,00;0,80;Alere Medical Co., Ltd.;Yes;1303;22158,58;307,77
52963;Cameroon;PMO - US;Direct Drop;EXW;Air;0;No;ARV;Adult;Aurobindo Pharma Limited;Lamivudine/Tenofovir Disoproxil Fumarate 300/300mg, tablets, 30 Tabs;Lamivudine/Tenofovir Disoproxil Fumarate;Generic;300/300mg;Tablet - FDC;30;32426;150780,90;4,65;0,16;Aurobindo Unit VII, IN;Yes;3234;26980,59;186,52
24374;Rwanda;PMO - US;Direct Drop;CIP;Air;0;No;ARV;Adult;Aurobindo Pharma Limited;Tenofovir Disoproxil Fumarate 300mg, tablets, 30 Tabs;Tenofovir Disoproxil Fumarate;Generic;300mg;Tablet;30;5520;47251,20;8,56;0,29;Aurobindo Unit III, India;Yes;516;2355,52;92,61
78201;South Africa;PMO - US;Direct Drop;DDP;Air;1;Yes;ARV;Adult;Aurobindo Pharma Limited;Lamivudine 150mg, tablets, 60 Tabs;Lamivudine;Generic;150mg;Tablet;60;16999;43007,47;2,53;0,04;Aurobindo Unit III, India;Yes;912;1791,42;92,72
59017;Botswana;PMO - US;Direct Drop;EXW;Air;0;No;HRDT;HIV test;Premier Medical Corporation Ltd.;HIV 1/2/O, First Response HIV 1-2.0, v.3.0 Cards Kit, 30 Tests;HIV 1/2/O, First Response HIV 1-2.0, v.3.0 Cards Kit;First Response;N/A;Test kit;30;34;765,00;22,50;0,75;Premier Med. Corp Ltd. India;Yes;13;766,62;1,26
18436;Ethiopia;PMO - US;Direct Drop;EXW;Air;0;No;HRDT;HIV test;SHANGHAI KEHUA BIOENGINEERING CO.,LTD.  (KHB);HIV 1/2, SKB Colloidal Gold, Diagnostic Kit, Antibody, 50 Tests;HIV 1/2, Colloidal Gold, Diagnostic Kit, Antibody;Colloidal Gold;N/A;Test kit;1;175;4287,50;24,50;24,50;KHB Test Kit Facility, Shanghai China;Yes;125;1472,03;6,01
23315;Rwanda;PMO - US;Direct Drop;EXW;Air;0;No;ARV;Pediatric;EMCURE PHARMACEUTICALS LTD;Atazanavir 150mg, capsules, 60 Caps;Atazanavir;Generic;150mg;Capsule;60;912;18240,00;20,00;0,33;Emcure Plot No.P-2, I.T-B.T. Park, Phase II, MIDC, Hinjwadi, Pune, India;Yes;102;1600,98;21,47
62476;Cameroon;PMO - US;Direct Drop;EXW;Air;0;No;HRDT;HIV test;Orasure Technologies Inc.;HIV 1/2, OraQuick Advance HIV Rapid Antibody Kit, 100 Tests;HIV 1/2, OraQuick Advance HIV Rapid Antibody Kit;OraQuick;N/A;Test kit;100;30;10500,00;350,00;3,50;Orasure Technologies, Inc;Yes;75;1406,75;12,99
63608;Kenya;PMO - US;Direct Drop;EXW;Air;0;No;HRDT;HIV test;Trinity Biotech, Plc;HIV 1/2, Uni-Gold HIV Kit, 20 Tests;HIV 1/2, Uni-Gold HIV Kit;Uni-Gold;N/A;Test kit;20;20000;640000,00;32,00;1,60;Trinity Biotech, Plc;Yes;6568;41300,11;897,28
79871;Nigeria;PMO - US;Direct Drop;EXW;Air;0;No;HRDT;HIV test;Trinity Biotech, Plc;HIV 1/2, Uni-Gold HIV Kit, 20 Tests;HIV 1/2, Uni-Gold HIV Kit;Uni-Gold;N/A;Test kit;20;6042;193344,00;32,00;1,60;Trinity Biotech, Plc;Yes;1990;23396,04;271,07
69952;Nigeria;PMO - US;Direct Drop;FCA;Air;0;No;ARV;Pediatric;ABBVIE LOGISTICS (FORMERLY ABBOTT LOGISTICS BV);Lopinavir/Ritonavir 80/20mg/ml [Kaletra], oral solution, cool, Bottle 5 x 60 ml;Lopinavir/Ritonavir;Kaletra;80/20mg/ml;Oral solution;300;789;24316,98;30,82;0,10;ABBVIE (Abbott) Logis. UK;Yes;794;5808,69;25,00
21563;Tanzania;PMO - US;Direct Drop;EXW;Ocean;0;No;ARV;Pediatric;MYLAN LABORATORIES LTD (FORMERLY MATRIX LABORATORIES);Lamivudine/Nevirapine/Zidovudine 30/50/60mg, dispersible tablets, 60 Tabs;Lamivudine/Nevirapine/Zidovudine;Generic;30/50/60mg;Chewable/dispersible tablet - FDC;60;115000;414000,00;3,60;0,06;Mylan (formerly Matrix) Nashik;Yes;10504;28270,78;425,59
13748;Cªte d'Ivoire;PMO - US;Direct Drop;EXW;Air;0;No;HRDT;HIV test;CHEMBIO DIAGNOSTIC SYSTEMS, INC.;HIV 1/2, Stat-Pak HIV, Kit, 20 Tests;HIV 1/2, Stat-Pak HIV, Kit;Stat-Pak;N/A;Test kit;20;350;9450,00;27,00;1,35;Chembio Diagnostics Sys. Inc.;Yes;205;1437,40;18,52
60023;Haiti;PMO - US;Direct Drop;EXW;Air;0;No;ARV;Pediatric;CIPLA LIMITED;Abacavir 60mg, dispersible tablets, 60 Tabs;Abacavir;Generic;60mg;Chewable/dispersible tablet;60;864;5356,80;6,20;0,10;Cipla, Patalganga, India;Yes;46;304,63;7,51
52837;Nigeria;PMO - US;Direct Drop;EXW;Air;0;No;HRDT;HIV test;Orgenics, Ltd;HIV 1/2, Determine Complete HIV Kit, 100 Tests;HIV 1/2, Determine Complete HIV Kit;Determine;N/A;Test kit;100;4657;414473,00;89,00;0,89;Alere Medical Co., Ltd.;Yes;2307;21672,24;487,83
38409;Tanzania;PMO - US;Direct Drop;EXW;Air;0;No;HRDT;HIV test;Trinity Biotech, Plc;HIV 1/2, Uni-Gold HIV Kit, 20 Tests;HIV 1/2, Uni-Gold HIV Kit;Uni-Gold;N/A;Test kit;20;625;20000,00;32,00;1,60;Trinity Biotech, Plc;Yes;200;2918,12;33,00
51268;Nigeria;PMO - US;Direct Drop;EXW;Air;1;Yes;HRDT;HIV test;Orgenics, Ltd;HIV 1/2, Determine Complete HIV Kit, 100 Tests;HIV 1/2, Determine Complete HIV Kit;Determine;N/A;Test kit;100;2744;244216,00;89,00;0,89;Alere Medical Co., Ltd.;Yes;1235;25577,15;342,39
13652;Vietnam;PMO - US;Direct Drop;EXW;Air;0;No;ARV;Adult;MYLAN LABORATORIES LTD (FORMERLY MATRIX LABORATORIES);Efavirenz 600mg, tablets, 30 Tabs;Efavirenz;Generic;600mg;Tablet;30;21504;139776,00;6,50;0,22;Mylan (formerly Matrix) Nashik;Yes;1849;4191,83;273,96
15772;Vietnam;PMO - US;Direct Drop;EXW;Air;0;No;ARV;Adult;Aurobindo Pharma Limited;Lamivudine/Nevirapine/Zidovudine 150/200/300mg, tablets, 60 Tabs;Lamivudine/Nevirapine/Zidovudine;Generic;150/300/200mg;Tablet - FDC;60;30000;313500,00;10,45;0,17;Aurobindo Unit III, India;Yes;10210;17392,05;517,28
30119;Uganda;PMO - US;Direct Drop;FCA;Air;0;No;ARV;Adult;ABBVIE LOGISTICS (FORMERLY ABBOTT LOGISTICS BV);Ritonavir 100mg [Norvir], film coated tablets, 60 Tabs;Ritonavir;Norvir;100mg;Tablet;60;295;2020,75;6,85;0,11;ABBVIE Ludwigshafen Germany;Yes;36;876,99;2,50
77296;Rwanda;PMO - US;Direct Drop;CIP;Air;0;No;ARV;Adult;Aurobindo Pharma Limited;Lopinavir/Ritonavir 200/50mg, tablets, 120 Tabs;Lopinavir/Ritonavir;Generic;200/50mg;Tablet;120;4240;158406,40;37,36;0,31;Aurobindo Unit III, India;Yes;1048;14256,58;310,48
41694;Haiti;PMO - US;Direct Drop;EXW;Air;0;No;HRDT;HIV test;Orgenics, Ltd;HIV 1/2, Determine Complete HIV Kit, 100 Tests;HIV 1/2, Determine Complete HIV Kit;Determine;N/A;Test kit;100;4500;450000,00;100,00;1,00;Alere Medical Co., Ltd.;Yes;1825;15408,29;462,60
57747;Haiti;PMO - US;Direct Drop;EXW;Air;0;No;ARV;Pediatric;Aurobindo Pharma Limited;Nevirapine 50mg, dispersible tablets (tablets for oral suspension), 30 Tabs;Nevirapine;Generic;50mg;Chewable/dispersible tablet;30;2891;3613,75;1,25;0,04;Aurobindo Unit III, India;Yes;156;1887,58;5,07
72625;Haiti;PMO - US;Direct Drop;CIP;Air;0;No;ARV;Pediatric;MERCK SHARP & DOHME IDEA GMBH (FORMALLY MERCK SHARP & DOHME B.V.);Efavirenz 30mg/ml [Stocrin/Sustiva], oral solution, Bottle, 180 ml;Efavirenz;Stocrin/Sustiva;30mg/ml;Oral solution;180;167;2832,32;16,96;0,09;MSD, Haarlem, NL;Yes;47;290,00;5,55
27474;Sudan;PMO - US;Direct Drop;EXW;Air;0;No;HRDT;HIV test;Trinity Biotech, Plc;HIV 1/2, Uni-Gold HIV Kit, 20 Tests;HIV 1/2, Uni-Gold HIV Kit;Uni-Gold;N/A;Test kit;20;160;5120,00;32,00;1,60;Trinity Biotech, Plc;Yes;53;1310,92;11,04
52488;Nigeria;PMO - US;Direct Drop;EXW;Air;1;Yes;HRDT;HIV test;Orgenics, Ltd;HIV 1/2, Determine Complete HIV Kit, 100 Tests;HIV 1/2, Determine Complete HIV Kit;Determine;N/A;Test kit;100;3154;280706,00;89,00;0,89;Alere Medical Co., Ltd.;Yes;1279;19112,91;288,57
38111;Uganda;PMO - US;Direct Drop;EXW;Air;0;No;ARV;Adult;MYLAN LABORATORIES LTD (FORMERLY MATRIX LABORATORIES);Atazanavir/Ritonavir 300/100mg, tablets, 30 Tabs;Atazanavir/Ritonavir;Generic;300/100mg;Tablet;30;12370;241215,00;19,50;0,65;Mylan (formerly Matrix) Nashik;Yes;1652;7172,90;283,91
42579;Haiti;PMO - US;Direct Drop;FCA;Air;0;No;ARV;Pediatric;ABBVIE LOGISTICS (FORMERLY ABBOTT LOGISTICS BV);Lopinavir/Ritonavir 100/25mg [Aluvia], tablets, 60 Tabs;Lopinavir/Ritonavir;Generic;100/25mg;Tablet;60;936;5559,84;5,94;0,10;ABBVIE Ludwigshafen Germany;Yes;128;1637,86;6,88
16231;Tanzania;PMO - US;Direct Drop;EXW;Air;0;No;HRDT;HIV test;Standard Diagnostics, Inc.;HIV 1/2, Bioline 3.0 Kit, Lancets, Capillary pipets, Alcohol swabs included, 25 Tests;HIV 1/2, Bioline 3.0 Kit, Lancets, Capillary pipets, Alcohol swabs included;Bioline;N/A;Test kit;25;10000;200000,00;20,00;0,80;Standard Diagnostics, Korea;Yes;3335;23616,68;330,00
70486;Vietnam;PMO - US;Direct Drop;EXW;Air;0;No;ARV;Adult;MYLAN LABORATORIES LTD (FORMERLY MATRIX LABORATORIES);Lamivudine/Nevirapine/Zidovudine 150/200/300mg, tablets, 60 Tabs;Lamivudine/Nevirapine/Zidovudine;Generic;150/300/200mg;Tablet - FDC;60;24428;268463,72;10,99;0,18;Mylan (formerly Matrix) Nashik;Yes;3408;13674,64;442,97
20544;Uganda;PMO - US;Direct Drop;EXW;Air;0;No;HRDT;HIV test;Orgenics, Ltd;HIV 1/2, Determine Complete HIV Kit, 100 Tests;HIV 1/2, Determine Complete HIV Kit;Determine;N/A;Test kit;100;4872;389760,00;80,00;0,80;Alere Medical Co., Ltd.;Yes;1978;16876,25;458,75
74178;Uganda;PMO - US;Direct Drop;EXW;Air;0;No;ARV;Pediatric;MYLAN LABORATORIES LTD (FORMERLY MATRIX LABORATORIES);Efavirenz 200mg, tablets, 30 Tabs;Efavirenz;Generic;200mg;Tablet;30;61386;92079,00;1,50;0,05;Mylan (formerly Matrix) Nashik;Yes;3262;12034,96;113,90
81358;Zimbabwe;PMO - US;Direct Drop;FCA;Air;0;No;ARV;Pediatric;ABBVIE LOGISTICS (FORMERLY ABBOTT LOGISTICS BV);Lopinavir/Ritonavir 80/20mg/ml [Kaletra], oral solution, cool, Bottle 5 x 60 ml;Lopinavir/Ritonavir;Kaletra;80/20mg/ml;Oral solution;300;1500;46230,00;30,82;0,10;ABBVIE (Abbott) Logis. UK;Yes;1374;15504,40;64,81
9316;Nigeria;PMO - US;Direct Drop;EXW;Air;0;No;HRDT;HIV test;Abbott GmbH & Co. KG;HIV 1/2, Determine Complete HIV Kit, 100 Tests;HIV 1/2, Determine Complete HIV Kit;Determine;N/A;Test kit;100;3500;280000,00;80,00;0,80;ABBVIE GmbH & Co.KG Wiesbaden;Yes;1192;10879,22;448,00
15596;Zimbabwe;PMO - US;Direct Drop;EXW;Air;0;No;HRDT;HIV test;Orgenics, Ltd;HIV 1/2, Determine Complete HIV Kit, 100 Tests;HIV 1/2, Determine Complete HIV Kit;Determine;N/A;Test kit;100;2342;187360,00;80,00;0,80;Inverness Japan;Yes;1113;20082,38;309,14
53338;South Africa;PMO - US;Direct Drop;DDP;Ocean;0;No;ARV;Adult;Aurobindo Pharma Limited;Zidovudine 300mg, tablets, 60 Tabs;Zidovudine;Generic;300mg;Tablet;60;77143;565458,19;7,33;0,12;Aurobindo Unit III, India;Yes;3894;3161,68;1219,13
46727;Tanzania;PMO - US;Direct Drop;EXW;Air;0;No;HRDT;HIV test;Orgenics, Ltd;HIV 1/2, Determine Complete HIV Kit, 100 Tests;HIV 1/2, Determine Complete HIV Kit;Determine;N/A;Test kit;100;2264;181120,00;80,00;0,80;Alere Medical Co., Ltd.;Yes;980;18638,44;253,93
14605;Haiti;PMO - US;Direct Drop;EXW;Ocean;0;No;ARV;Adult;HETERO LABS LIMITED;Efavirenz 600mg, tablets, 30 Tabs;Efavirenz;Generic;600mg;Tablet;30;71376;231258,24;3,24;0,11;Hetero, Jadcherla, unit 5, IN;Yes;5864;7558,01;286,07
3419;Cªte d'Ivoire;PMO - US;Direct Drop;EXW;Air;0;No;HRDT;HIV test;BIO-RAD LABORATORIES (FRANCE);#108853** HIV, Genie II HIV-1/HIV-2 Kit, 40 Tests;HIV, Genie II HIV-1/HIV-2 Kit;Genie;N/A;Test kit;40;862;65512,00;76,00;1,90;Bio-Rad Laboratories;Yes;963;25080,52;128,40
64615;Uganda;PMO - US;Direct Drop;FCA;Air;0;No;ARV;Adult;ABBVIE LOGISTICS (FORMERLY ABBOTT LOGISTICS BV);Ritonavir 100mg [Norvir], film coated tablets, 60 Tabs;Ritonavir;Norvir;100mg;Tablet;60;579;3966,15;6,85;0,11;ABBVIE Ludwigshafen Germany;Yes;103;1393,29;4,08
33263;Haiti;PMO - US;Direct Drop;FCA;Air;0;No;ARV;Pediatric;LAWRENCE LABORATORIES (SUBSIDIARY OF BRISTOL MYERS SQUIBB);Didanosine 2g [Videx], powder for oral solution 10mg/ml, reconstitute to 200 ml;Didanosine;Videx;2g;Powder for oral solution;200;98;1233,82;12,59;0,06;Bristol-Myers Squibb Anagni IT;Yes;22;1662,72;1,73
71917;Rwanda;PMO - US;Direct Drop;EXW;Air;0;No;HRDT;HIV test;SHANGHAI KEHUA BIOENGINEERING CO.,LTD.  (KHB);HIV 1/2, SKB Colloidal Gold, Diagnostic Kit, Antibody, 50 Tests;HIV 1/2, Colloidal Gold, Diagnostic Kit, Antibody;Colloidal Gold;N/A;Test kit;1;2988;73206,00;24,50;24,50;KHB Test Kit Facility, Shanghai China;Yes;1992;26266,34;90,56
64936;Vietnam;PMO - US;Direct Drop;FCA;Air;0;No;ARV;Adult;ABBVIE LOGISTICS (FORMERLY ABBOTT LOGISTICS BV);Lopinavir/Ritonavir 200/50mg [Aluvia], tablets, 120 Tabs;Lopinavir/Ritonavir;Aluvia;200/50mg;Tablet;120;3434;208855,88;60,82;0,51;ABBVIE Ludwigshafen Germany;Yes;826;3315,82;258,35
27067;Nigeria;PMO - US;Direct Drop;EXW;Air;0;No;HRDT;HIV test;CHEMBIO DIAGNOSTIC SYSTEMS, INC.;HIV 1/2, Stat-Pak HIV, Kit, 20 Tests;HIV 1/2, Stat-Pak HIV, Kit;Stat-Pak;N/A;Test kit;20;202;6464,00;32,00;1,60;Chembio Diagnostics Sys. Inc.;Yes;60;624,92;8,00
6988;Nigeria;PMO - US;Direct Drop;EXW;Air;0;No;HRDT;HIV test;Orgenics, Ltd;HIV 1/2, Determine HIV Kit, without Lancets, 100 Tests;HIV 1/2, Determine HIV Kit, without Lancets;Determine;N/A;Test kit;100;285;22797,15;79,99;0,80;Inverness Japan;Yes;64;1629,00;36,48
20133;Uganda;PMO - US;Direct Drop;FCA;Air;0;No;ARV;Adult;ABBVIE LOGISTICS (FORMERLY ABBOTT LOGISTICS BV);Lopinavir/Ritonavir 200/50mg [Aluvia], tablets, 120 Tabs;Lopinavir/Ritonavir;Aluvia;200/50mg;Tablet;120;60;2169,60;36,16;0,30;ABBVIE Ludwigshafen Germany;Yes;36;814,04;4,25
21193;Kenya;PMO - US;Direct Drop;EXW;Air;1;Yes;HRDT;HIV test;Orgenics, Ltd;HIV 1/2, Determine Complete HIV Kit, 100 Tests;HIV 1/2, Determine Complete HIV Kit;Determine;N/A;Test kit;100;8331;741459,00;89,00;0,89;Inverness Japan;Yes;1980;37548,87;1223,41
46106;South Sudan;PMO - US;Direct Drop;EXW;Air;0;No;HRDT;HIV test;Trinity Biotech, Plc;HIV 1/2, Uni-Gold HIV Kit, 20 Tests;HIV 1/2, Uni-Gold HIV Kit;Uni-Gold;N/A;Test kit;20;597;19104,00;32,00;1,60;Trinity Biotech, Plc;Yes;209;3088,04;26,78
5936;Vietnam;PMO - US;Direct Drop;EXW;Air;0;No;ARV;Adult;Aurobindo Pharma Limited;Abacavir 300mg, tablets, 60 Tabs;Abacavir;Generic;300mg;Tablet;60;880;20680,00;23,50;0,39;Aurobindo Unit III, India;Yes;331;2771,84;40,53
21380;Zambia;PMO - US;Direct Drop;EXW;Air;1;Yes;HRDT;HIV test;Orgenics, Ltd;HIV 1/2, Determine Complete HIV Kit, 100 Tests;HIV 1/2, Determine Complete HIV Kit;Determine;N/A;Test kit;100;2415;193200,00;80,00;0,80;Inverness Japan;Yes;1167;19610,11;416,54
27049;Ghana;PMO - US;Direct Drop;EXW;Air;0;No;ARV;Adult;HETERO LABS LIMITED;Lamivudine/Tenofovir Disoproxil Fumarate 300/300mg, tablets, 30 Tabs;Lamivudine/Tenofovir Disoproxil Fumarate;Generic;300/300mg;Tablet - FDC;30;17447;80605,14;4,62;0,15;Hetero Unit III Hyderabad IN;Yes;1825;10790,63;82,86
71469;Rwanda;PMO - US;Direct Drop;CIP;Air;0;No;ARV;Pediatric;CIPLA LIMITED;Lamivudine/Stavudine 60/12mg, dispersible tablets, 60 Tabs;Lamivudine/Stavudine;Generic;60/12mg;Chewable/dispersible tablet - FDC;60;672;2466,24;3,67;0,06;Cipla, Goa, India;Yes;50;3011,72;3,46
26397;Kenya;PMO - US;Direct Drop;EXW;Air;0;No;HRDT;HIV test;Orgenics, Ltd;HIV 1/2, Determine Complete HIV Kit, 100 Tests;HIV 1/2, Determine Complete HIV Kit;Determine;N/A;Test kit;100;7318;651302,00;89,00;0,89;Inverness Japan;Yes;2556;29339,63;1074,65
14665;Haiti;PMO - US;Direct Drop;EXW;Air;0;No;HRDT;HIV test;Orgenics, Ltd;HIV 1/2, Determine HIV Kit, without Lancets, 100 Tests;HIV 1/2, Determine HIV Kit, without Lancets;Determine;N/A;Test kit;100;1000;97680,00;97,68;0,98;Inverness Japan;Yes;227;2486,62;210,60
20239;Rwanda;PMO - US;Direct Drop;EXW;Air;0;No;ARV;Adult;HETERO LABS LIMITED;Efavirenz 600mg, tablets, 30 Tabs;Efavirenz;Generic;600mg;Tablet;30;20370;72720,90;3,57;0,12;Hetero Unit III Hyderabad IN;Yes;1751;13244,80;101,95
43085;Lesotho;PMO - US;Direct Drop;EXW;Air;0;No;HRDT;HIV test;Orgenics, Ltd;HIV 1/2, Determine Complete HIV Kit, 100 Tests;HIV 1/2, Determine Complete HIV Kit;Determine;N/A;Test kit;100;2104;168320,00;80,00;0,80;Alere Medical Co., Ltd.;Yes;856;11063,78;173,03
27563;South Africa;PMO - US;Direct Drop;DDP;Ocean;0;No;ARV;Adult;Aurobindo Pharma Limited;Tenofovir Disoproxil Fumarate 300mg, tablets, 30 Tabs;Tenofovir Disoproxil Fumarate;Generic;300mg;Tablet;30;28330;188394,50;6,65;0,22;Aurobindo Unit III, India;Yes;2645;5112,92;406,18
1638;Mozambique;PMO - US;Direct Drop;EXW;Air;0;No;HRDT;HIV test;Orgenics, Ltd;HIV 1/2, Determine HIV Kit, without Lancets, 100 Tests;HIV 1/2, Determine HIV Kit, without Lancets;Determine;N/A;Test kit;100;3000;215970,00;71,99;0,72;Inverness Japan;Yes;682;5298,90;345,55
14988;South Sudan;PMO - US;Direct Drop;EXW;Air;0;No;HRDT;HIV test;Orgenics, Ltd;HIV 1/2, Determine Complete HIV Kit, 100 Tests;HIV 1/2, Determine Complete HIV Kit;Determine;N/A;Test kit;100;337;29993,00;89,00;0,89;Alere Medical Co., Ltd.;Yes;181;4978,09;42,05
54965;Kenya;PMO - US;Direct Drop;EXW;Air;0;No;HRDT;HIV test;Orgenics, Ltd;HIV 1/2, Determine Complete HIV Kit, 100 Tests;HIV 1/2, Determine Complete HIV Kit;Determine;N/A;Test kit;100;1;89,00;89,00;0,89;Inverness Japan;Yes;1233;13753,58;0,19
15005;Nigeria;PMO - US;Direct Drop;EXW;Air;0;No;HRDT;HIV test;Trinity Biotech, Plc;HIV 1/2, Uni-Gold HIV Kit, 20 Tests;HIV 1/2, Uni-Gold HIV Kit;Uni-Gold;N/A;Test kit;20;8018;256576,00;32,00;1,60;Trinity Biotech, Plc;Yes;2607;28595,45;359,72
62521;Cªte d'Ivoire;PMO - US;Direct Drop;EXW;Air;0;No;ARV;Adult;MYLAN LABORATORIES LTD (FORMERLY MATRIX LABORATORIES);Abacavir/Lamivudine/Zidovudine 300/150/300mg, tablets, 60 Tabs;Abacavir/Lamivudine/Zidovudine;Generic;300/150/300mg;Tablet - FDC;60;2688;86016,00;32,00;0,53;Mylan (formerly Matrix) Nashik;Yes;421;4022,89;168,59
29427;Vietnam;PMO - US;Direct Drop;EXW;Air;0;No;ARV;Adult;MYLAN LABORATORIES LTD (FORMERLY MATRIX LABORATORIES);Tenofovir Disoproxil Fumarate 300mg, tablets, 30 Tabs;Tenofovir Disoproxil Fumarate;Generic;300mg;Tablet;30;3696;24948,00;6,75;0,22;Mylan (formerly Matrix) Nashik;Yes;314;4885,33;53,79
8554;Zambia;PMO - US;Direct Drop;EXW;Air;0;No;HRDT;HIV test;Standard Diagnostics, Inc.;HIV 1/2, Bioline 3.0 Kit, Lancets, Capillary pipets, Alcohol swabs included, 25 Tests;HIV 1/2, Bioline 3.0 Kit, Lancets, Capillary pipets, Alcohol swabs included;Bioline;N/A;Test kit;25;500;10000,00;20,00;0,80;Standard Diagnostics, Korea;Yes;157;1754,04;19,60
33882;South Africa;PMO - US;Direct Drop;DDP;Ocean;0;No;ARV;Adult;CIPLA LIMITED;Tenofovir Disoproxil Fumarate 300mg, tablets, 30 Tabs;Tenofovir Disoproxil Fumarate;Generic;300mg;Tablet;30;150000;1029000,00;6,86;0,23;Cipla, Goa, India;Yes;10151;19569,93;1697,85
24368;Haiti;PMO - US;Direct Drop;EXW;Air;0;No;ARV;Pediatric;Aurobindo Pharma Limited;Zidovudine 10mg/ml, oral solution, Bottle, 240 ml;Zidovudine;Generic;10mg/ml;Oral solution;240;5730;10887,00;1,90;0,01;Aurobindo Unit III, India;Yes;2254;12791,34;11,19
1109;Cªte d'Ivoire;PMO - US;Direct Drop;FCA;Air;0;No;ARV;Adult;ABBVIE LOGISTICS (FORMERLY ABBOTT LOGISTICS BV);Lopinavir/Ritonavir 200/50mg [Aluvia], tablets, 120 Tabs;Lopinavir/Ritonavir;Aluvia;200/50mg;Tablet;120;10240;420864,00;41,10;0,34;ABBVIE Ludwigshafen Germany;Yes;2523;14806,48;824,89
19348;Mali;PMO - US;Direct Drop;EXW;Air;0;No;HRDT;HIV test;Orgenics, Ltd;HIV 1/2, Clearview Complete Kit, 25 Tests;HIV 1/2, Clearview Complete Kit;Clearview;N/A;Test kit;25;87;8265,00;95,00;3,80;Chembio Diagnostics Sys. Inc.;Yes;40;1333,40;11,59
63561;Zimbabwe;PMO - US;Direct Drop;FCA;Air;0;No;ARV;Pediatric;ABBVIE LOGISTICS (FORMERLY ABBOTT LOGISTICS BV);Lopinavir/Ritonavir 80/20mg/ml [Kaletra], oral solution, cool, Bottle 5 x 60 ml;Lopinavir/Ritonavir;Kaletra;80/20mg/ml;Oral solution;300;6914;213089,48;30,82;0,10;ABBVIE (Abbott) Logis. UK;Yes;6090;41141,50;250,81
74602;South Africa;PMO - US;Direct Drop;DDP;Ocean;0;No;ARV;Adult;CIPLA LIMITED;Nevirapine 200mg, tablets, 60 Tabs;Nevirapine;Generic;200mg;Tablet;60;158000;440820,00;2,79;0,05;Cipla, Goa, India;Yes;16768;23721,90;950,41
72832;Cameroon;PMO - US;Direct Drop;EXW;Air;0;No;ARV;Adult;Aurobindo Pharma Limited;Lamivudine/Tenofovir Disoproxil Fumarate 300/300mg, tablets, 30 Tabs;Lamivudine/Tenofovir Disoproxil Fumarate;Generic;300/300mg;Tablet - FDC;30;20993;97617,45;4,65;0,16;Aurobindo Unit VII, IN;Yes;2100;17568,60;120,75
51410;Haiti;PMO - US;Direct Drop;EXW;Ocean;0;No;ARV;Adult;Aurobindo Pharma Limited;Efavirenz 600mg, tablets, 30 Tabs;Efavirenz;Generic;600mg;Tablet;30;39554;130528,20;3,30;0,11;Aurobindo Unit VII, IN;Yes;3823;11051,22;134,18
38632;Haiti;PMO - US;Direct Drop;EXW;Ocean;0;No;ARV;Adult;MICRO LABS LIMITED;Lamivudine 150mg, tablets, 60 Tabs;Lamivudine;Generic;150mg;Tablet;60;960;1651,20;1,72;0,03;Micro labs, Verna, Goa, India;Yes;8385;12336,45;1,70
37031;Vietnam;PMO - US;Direct Drop;EXW;Air;0;No;ARV;Pediatric;Aurobindo Pharma Limited;Lamivudine 10mg/ml, oral solution w/syringe, Bottle, 240 ml;Lamivudine;Generic;10mg/ml;Oral solution;240;370;684,50;1,85;0,01;Aurobindo Unit III, India;Yes;2998;4531,29;0,96
48517;Zimbabwe;PMO - US;Direct Drop;EXW;Air;0;No;HRDT;HIV test;Orgenics, Ltd;HIV 1/2, Determine Complete HIV Kit, 100 Tests;HIV 1/2, Determine Complete HIV Kit;Determine;N/A;Test kit;100;1845;132840,00;72,00;0,72;Inverness Japan;Yes;1000;18841,09;286,40
79141;Kenya;PMO - US;Direct Drop;EXW;Air;0;No;HRDT;HIV test;Trinity Biotech, Plc;HIV 1/2, Uni-Gold HIV Kit, 20 Tests;HIV 1/2, Uni-Gold HIV Kit;Uni-Gold;N/A;Test kit;20;516;16512,00;32,00;1,60;Trinity Biotech, Plc;Yes;174;2061,80;27,24
57513;Angola;PMO - US;Direct Drop;EXW;Air;0;No;HRDT;HIV test;Trinity Biotech, Plc;HIV 1/2, Uni-Gold HIV Kit, 20 Tests;HIV 1/2, Uni-Gold HIV Kit;Uni-Gold;N/A;Test kit;20;500;16000,00;32,00;1,60;Trinity Biotech, Plc;Yes;260;9597,90;34,50
4722;Namibia;PMO - US;Direct Drop;EXW;Air;0;No;HRDT;HIV test;Trinity Biotech, Plc;HIV 1/2, Uni-Gold HIV Kit, 20 Tests;HIV 1/2, Uni-Gold HIV Kit;Uni-Gold;N/A;Test kit;20;650;20800,00;32,00;1,60;Trinity Biotech, Plc;Yes;220;7078,90;33,28
55053;Guyana;PMO - US;Direct Drop;EXW;Air;0;No;ARV;Adult;Aurobindo Pharma Limited;Stavudine 15mg, capsules, 60 Caps;Stavudine;Generic;15mg;Capsule;60;10;13,00;1,30;0,02;Aurobindo Unit III, India;Yes;1;618,89;0,02
15984;South Africa;PMO - US;Direct Drop;DDP;Ocean;0;No;ARV;Adult;CIPLA LIMITED;Tenofovir Disoproxil Fumarate 300mg, tablets, 30 Tabs;Tenofovir Disoproxil Fumarate;Generic;300mg;Tablet;30;137654;944306,44;6,86;0,23;Cipla, Goa, India;Yes;9147;11314,20;1558,11
70471;South Africa;PMO - US;Direct Drop;DDP;Air;0;No;ARV;Pediatric;GLAXOSMITHKLINE EXPORT LIMITED;Abacavir 20mg/ml [Ziagen], oral solution, Bottle, 240 ml;Abacavir;Ziagen;20mg/ml;Oral solution;240;32000;320640,00;10,02;0,04;GSK Mississauga (Canada);Yes;12264;10277,92;529,06
6745;Guyana;PMO - US;Direct Drop;EXW;Air;1;Yes;HRDT;HIV test;Orgenics, Ltd;HIV 1/2, Determine HIV Kit, without Lancets, 100 Tests;HIV 1/2, Determine HIV Kit, without Lancets;Determine;N/A;Test kit;100;442;31819,58;71,99;0,72;Inverness Japan;Yes;100;1928,93;50,91
21199;Haiti;PMO - US;Direct Drop;FCA;Air;0;No;ARV;Pediatric;ABBVIE LOGISTICS (FORMERLY ABBOTT LOGISTICS BV);Lopinavir/Ritonavir 80/20mg/ml [Kaletra], oral solution, cool, Bottle 5 x 60 ml;Lopinavir/Ritonavir;Kaletra;80/20mg/ml;Oral solution;300;40;1232,80;30,82;0,10;ABBVIE (Abbott) Logis. UK;Yes;61;1257,16;1,27
30274;Haiti;PMO - US;Direct Drop;EXW;Air;0;No;HRDT;HIV test;Orgenics, Ltd;HIV 1/2, Determine Complete HIV Kit, 100 Tests;HIV 1/2, Determine Complete HIV Kit;Determine;N/A;Test kit;100;4000;400000,00;100,00;1,00;Alere Medical Co., Ltd.;Yes;1740;24069,99;494,80
62586;Uganda;PMO - US;Direct Drop;DAP;Air;0;No;ARV;Adult;ASPEN PHARMACARE;Etravirine 100mg [Intelence], tablets, 120 Tabs;Etravirine;Intelence;100mg;Tablet;120;111;3996,00;36,00;0,30;Janssen-Cilag, Latina, IT;Yes;24;330,00;5,60
3094;Vietnam;PMO - US;Direct Drop;EXW;Air;0;No;ARV;Adult;Aurobindo Pharma Limited;Abacavir 300mg, tablets, 60 Tabs;Abacavir;Generic;300mg;Tablet;60;520;13000,00;25,00;0,42;Aurobindo Unit III, India;Yes;137;5260,46;20,80
67739;Cªte d'Ivoire;PMO - US;Direct Drop;EXW;Air;0;No;ARV;Adult;Aurobindo Pharma Limited;Didanosine 250mg, delayed-release capsules, 30 Caps;Didanosine;Generic;250mg;Delayed-release capsules;30;1984;15038,72;7,58;0,25;Aurobindo Unit III, India;Yes;46;1899,89;15,46
21092;South Africa;PMO - US;Direct Drop;DDP;Air;1;Yes;ARV;Adult;Aurobindo Pharma Limited;Efavirenz 600mg, tablets, 30 Tabs;Efavirenz;Generic;600mg;Tablet;30;34560;161395,20;4,67;0,16;Aurobindo Unit III, India;Yes;3240;4263,07;347,97
31709;Cªte d'Ivoire;PMO - US;Direct Drop;FCA;Air;0;No;ARV;Adult;ABBVIE LOGISTICS (FORMERLY ABBOTT LOGISTICS BV);Ritonavir 100mg [Norvir], film coated tablets, 60 Tabs;Ritonavir;Norvir;100mg;Tablet;60;760;5206,00;6,85;0,11;ABBVIE Ludwigshafen Germany;Yes;97;1575,13;6,44
39075;Ethiopia;PMO - US;Direct Drop;EXW;Air;0;No;HRDT;HIV test;CHEMBIO DIAGNOSTIC SYSTEMS, INC.;HIV 1/2, Stat-Pak HIV, Kit, 20 Tests;HIV 1/2, Stat-Pak HIV, Kit;Stat-Pak;N/A;Test kit;20;135;3915,00;29,00;1,45;Chembio Diagnostics Sys. Inc.;Yes;47;379,65;5,49
4594;Guyana;PMO - US;Direct Drop;EXW;Air;0;No;HRDT;HIV test;Trinity Biotech, Plc;HIV 1/2, Uni-Gold HIV Kit, 20 Tests;HIV 1/2, Uni-Gold HIV Kit;Uni-Gold;N/A;Test kit;20;1062;33984,00;32,00;1,60;Trinity Biotech, Plc;Yes;1062;3976,33;54,37
3479;Ethiopia;PMO - US;Direct Drop;EXW;Air;0;No;HRDT;HIV test;SHANGHAI KEHUA BIOENGINEERING CO.,LTD.  (KHB);HIV 1/2, SKB Colloidal Gold, Diagnostic Kit, Antibody, 50 Tests;HIV 1/2, Colloidal Gold, Diagnostic Kit, Antibody;Colloidal Gold;N/A;Test kit;1;3510;80730,00;23,00;23,00;KHB Test Kit Facility, Shanghai China;Yes;2535;20083,74;158,23
40901;South Africa;PMO - US;Direct Drop;DDP;Ocean;1;Yes;ARV;Adult;Aurobindo Pharma Limited;Tenofovir Disoproxil Fumarate 300mg, tablets, 30 Tabs;Tenofovir Disoproxil Fumarate;Generic;300mg;Tablet;30;108677;722702,05;6,65;0,22;Aurobindo Unit III, India;Yes;10144;8809,08;1192,46
30349;Zambia;PMO - US;Direct Drop;EXW;Air;0;No;HRDT;HIV test;Trinity Biotech, Plc;HIV 1/2, Uni-Gold HIV Kit, 20 Tests;HIV 1/2, Uni-Gold HIV Kit;Uni-Gold;N/A;Test kit;20;4500;144000,00;32,00;1,60;Trinity Biotech, Plc;Yes;1353;17507,94;178,13
13915;Cameroon;PMO - US;Direct Drop;EXW;Air;0;No;HRDT;HIV test;Orasure Technologies Inc.;HIV 1/2, OraQuick Rapid Antibody Kit, 100 Tests;HIV 1/2, OraQuick Rapid Antibody Kit;OraQuick;N/A;Test kit;100;1000;350000,00;350,00;3,50;Orasure Technologies, Inc;Yes;2090;51331,09;432,95
47638;Guyana;PMO - US;Direct Drop;EXW;Air;0;No;HRDT;HIV test;CHEMBIO DIAGNOSTIC SYSTEMS, INC.;HIV 1/2, Stat-Pak HIV, Kit, 20 Tests;HIV 1/2, Stat-Pak HIV, Kit;Stat-Pak;N/A;Test kit;20;15;435,00;29,00;1,45;Chembio Diagnostics Sys. Inc.;Yes;6;325,67;0,72
50662;Zambia;PMO - US;Direct Drop;EXW;Air;0;No;HRDT;HIV test;Trinity Biotech, Plc;HIV 1/2, Uni-Gold HIV Kit, 20 Tests;HIV 1/2, Uni-Gold HIV Kit;Uni-Gold;N/A;Test kit;20;7000;224000,00;32,00;1,60;Trinity Biotech, Plc;Yes;2304;33525,96;482,94
8802;Tanzania;PMO - US;Direct Drop;EXW;Air;0;No;HRDT;HIV test;Trinity Biotech, Plc;HIV 1/2, Uni-Gold HIV Kit, 20 Tests;HIV 1/2, Uni-Gold HIV Kit;Uni-Gold;N/A;Test kit;20;839;26848,00;32,00;1,60;Trinity Biotech, Plc;Yes;277;3146,63;52,62
43805;Haiti;PMO - US;Direct Drop;EXW;Ocean;0;No;ARV;Adult;HETERO LABS LIMITED;Lamivudine/Zidovudine 150/300mg, tablets, 60 Tabs;Lamivudine/Zidovudine;Generic;150/300mg;Tablet - FDC;60;9227;60990,47;6,61;0,11;Hetero Unit III Hyderabad IN;Yes;813;1922,50;62,70
72377;Zambia;PMO - US;Direct Drop;EXW;Air;0;No;HRDT;HIV test;Trinity Biotech, Plc;HIV 1/2, Uni-Gold HIV Kit, 20 Tests;HIV 1/2, Uni-Gold HIV Kit;Uni-Gold;N/A;Test kit;20;3000;96000,00;32,00;1,60;Trinity Biotech, Plc;Yes;909;10203,10;98,69
73961;Uganda;PMO - US;Direct Drop;FCA;Air;0;No;ARV;Adult;ABBVIE LOGISTICS (FORMERLY ABBOTT LOGISTICS BV);Lopinavir/Ritonavir 200/50mg [Aluvia], tablets, 120 Tabs;Lopinavir/Ritonavir;Aluvia;200/50mg;Tablet;120;480;17356,80;36,16;0,30;ABBVIE Ludwigshafen Germany;Yes;126;1360,34;34,02
37152;Uganda;PMO - US;Direct Drop;EXW;Air;0;No;ARV;Pediatric;EMCURE PHARMACEUTICALS LTD;Atazanavir 150mg, capsules, 60 Caps;Atazanavir;Generic;150mg;Capsule;60;240;6261,60;26,09;0,43;Emcure Plot No.P-2, I.T-B.T. Park, Phase II, MIDC, Hinjwadi, Pune, India;Yes;25;915,09;12,27
69219;Rwanda;PMO - US;Direct Drop;EXW;Air;0;No;HRDT;HIV test;SHANGHAI KEHUA BIOENGINEERING CO.,LTD.  (KHB);HIV 1/2, SKB Colloidal Gold, Diagnostic Kit, Antibody, 50 Tests;HIV 1/2, Colloidal Gold, Diagnostic Kit, Antibody;Colloidal Gold;N/A;Test kit;1;2988;73206,00;24,50;24,50;KHB Test Kit Facility, Shanghai China;Yes;1992;27313,00;90,56
34360;Cªte d'Ivoire;PMO - US;Direct Drop;EXW;Air;0;No;ARV;Adult;MYLAN LABORATORIES LTD (FORMERLY MATRIX LABORATORIES);Abacavir/Lamivudine/Zidovudine 300/150/300mg, tablets, 60 Tabs;Abacavir/Lamivudine/Zidovudine;Generic;300/150/300mg;Tablet - FDC;60;2432;72960,00;30,00;0,50;Mylan (formerly Matrix) Nashik;Yes;403;5714,74;120,38
38237;Zimbabwe;PMO - US;Direct Drop;EXW;Air;0;No;HRDT;HIV test;Orgenics, Ltd;HIV 1/2, Determine Complete HIV Kit, 100 Tests;HIV 1/2, Determine Complete HIV Kit;Determine;N/A;Test kit;100;4309;344720,00;80,00;0,80;Inverness Japan;Yes;2124;40520,83;568,79
16619;Zambia;PMO - US;Direct Drop;EXW;Air;0;No;ARV;Adult;Aurobindo Pharma Limited;Lamivudine 150mg, tablets, 60 Tabs;Lamivudine;Generic;150mg;Tablet;60;20000;43000,00;2,15;0,04;Aurobindo Unit III, India;Yes;1044;5145,69;44,20
4650;Mozambique;PMO - US;Direct Drop;EXW;Air;0;No;HRDT;HIV test - Ancillary;Orgenics, Ltd;HIV, Lancet, Safety, for HIV Test kits, 100 Pcs;HIV, Lancet, Safety, for HIV Test kits, 100 Pcs;Generic;N/A;Test kit - Ancillary;100;7690;76,90;0,01;0,00;Inverness Japan;Yes;2278;23743,01;0,15
70374;Haiti;PMO - US;Direct Drop;EXW;Air;0;No;ARV;Adult;MYLAN LABORATORIES LTD (FORMERLY MATRIX LABORATORIES);Abacavir 300mg, tablets, 60 Tabs;Abacavir;Generic;300mg;Tablet;60;4680;51433,20;10,99;0,18;Mylan (formerly Matrix) Nashik;Yes;487;3463,53;52,87
67195;Guyana;PMO - US;Direct Drop;FCA;Air;0;No;ARV;Pediatric;ABBVIE LOGISTICS (FORMERLY ABBOTT LOGISTICS BV);Lopinavir/Ritonavir 80/20mg/ml [Kaletra], oral solution, cool, Bottle 5 x 60 ml;Lopinavir/Ritonavir;Kaletra;80/20mg/ml;Oral solution;300;17;1033,94;60,82;0,20;ABBVIE (Abbott) Logis. UK;Yes;50;828,23;1,06
35699;Cameroon;PMO - US;Direct Drop;EXW;Air;0;No;ARV;Adult;MYLAN LABORATORIES LTD (FORMERLY MATRIX LABORATORIES);Efavirenz/Lamivudine/Tenofovir Disoproxil Fumarate 600/300/300mg, tablets, 30 Tabs;Efavirenz/Lamivudine/Tenofovir Disoproxil Fumarate;Generic;600/300/300mg;Tablet - FDC;30;76733;855572,95;11,15;0,37;Mylan (formerly Matrix) Nashik;Yes;9268;77756,12;1058,34
35123;Nigeria;PMO - US;Direct Drop;EXW;Air;1;Yes;HRDT;HIV test;Orgenics, Ltd;HIV 1/2, Determine Complete HIV Kit, 100 Tests;HIV 1/2, Determine Complete HIV Kit;Determine;N/A;Test kit;100;3064;272696,00;89,00;0,89;Alere Medical Co., Ltd.;Yes;1244;20602,30;337,32
1110;Cªte d'Ivoire;PMO - US;Direct Drop;FCA;Air;0;No;ARV;Adult;ABBVIE LOGISTICS (FORMERLY ABBOTT LOGISTICS BV);Ritonavir 100mg [Norvir], capsules, cool, 4 x 84 Caps;Ritonavir;Norvir;100mg;Capsule;336;400;15344,00;38,36;0,11;ABBVIE (Abbott) Logis. UK;Yes;175;7642,97;30,07
19250;Cªte d'Ivoire;PMO - US;Direct Drop;CIP;Air;0;No;ARV;Pediatric;BRISTOL-MYERS SQUIBB;Didanosine 50mg [Videx], chewable tablets, 60 Tabs;Didanosine;Videx;50mg;Chewable/dispersible tablet;60;4245;40327,50;9,50;0,16;BMS Meymac, France;Yes;833;1134,50;86,95
20450;Congo, DRC;PMO - US;Direct Drop;EXW;Air;0;No;ARV;Pediatric;Aurobindo Pharma Limited;Didanosine 125mg, delayed-release capsules, 30 Caps;Didanosine;Generic;125mg;Delayed-release capsules;30;171;1453,50;8,50;0,28;Aurobindo Unit III, India;Yes;81;2782,94;1,80
63401;Uganda;PMO - US;Direct Drop;CIP;Air;0;No;ARV;Adult;ASPEN PHARMACARE;Darunavir 300mg [Prezista], tablets, 120 Tabs;Darunavir;Prezista;300mg;Tablet;120;454;30236,40;66,60;0,55;Aspen-OSD, Port Elizabeth, SA;Yes;79;281,94;37,40
7176;Rwanda;PMO - US;Direct Drop;EXW;Air;0;No;HRDT;HIV test;Trinity Biotech, Plc;HIV 1/2, Uni-Gold HIV Kit, 20 Tests;HIV 1/2, Uni-Gold HIV Kit;Uni-Gold;N/A;Test kit;20;3400;108800,00;32,00;1,60;Trinity Biotech, Plc;Yes;1131;22370,64;174,08
38120;Rwanda;PMO - US;Direct Drop;EXW;Air;0;No;ARV;Adult;Aurobindo Pharma Limited;Nevirapine 200mg, tablets, 60 Tabs;Nevirapine;Generic;200mg;Tablet;60;22500;52875,00;2,35;0,04;Aurobindo Unit III, India;Yes;2145;17858,68;74,13
53002;Rwanda;PMO - US;Direct Drop;EXW;Air;0;No;ARV;Adult;Aurobindo Pharma Limited;Didanosine 400mg, delayed-release capsules, 30 Caps;Didanosine;Generic;400mg;Delayed-release capsules;30;1467;29340,00;20,00;0,67;Aurobindo Unit III, India;Yes;114;4822,01;41,13
5635;Lesotho;PMO - US;Direct Drop;EXW;Air;0;No;HRDT;HIV test;Orasure Technologies Inc.;HIV 1/2, OraQuick Advance HIV Rapid Antibody Kit, 100 Tests;HIV 1/2, OraQuick Advance HIV Rapid Antibody Kit;OraQuick;N/A;Test kit;100;7;2450,00;350,00;3,50;Pacific Biotech, Thailand;Yes;17;587,63;3,92
46228;Zimbabwe;PMO - US;Direct Drop;EXW;Air;0;No;ARV;Pediatric;MYLAN LABORATORIES LTD (FORMERLY MATRIX LABORATORIES);Lamivudine/Zidovudine 30/60mg, tablets, 60 Tabs;Lamivudine/Zidovudine;Generic;30/60mg;Tablet - FDC;60;48127;95772,73;1,99;0,03;Mylan (formerly Matrix) Nashik;Yes;2383;18232,17;98,45
35813;Guyana;PMO - US;Direct Drop;FCA;Air;0;No;ARV;Pediatric;ABBVIE LOGISTICS (FORMERLY ABBOTT LOGISTICS BV);Lopinavir/Ritonavir 80/20mg/ml [Kaletra], oral solution, cool, Bottle 5 x 60 ml;Lopinavir/Ritonavir;Kaletra;80/20mg/ml;Oral solution;300;141;11590,20;82,20;0,27;ABBVIE (Abbott) Logis. UK;Yes;225;1831,83;24,99
74699;Vietnam;PMO - US;Direct Drop;EXW;Air;0;No;ARV;Adult;CIPLA LIMITED;Lamivudine/Nevirapine/Stavudine 150/200/30mg, tablets, 60 Tabs;Lamivudine/Nevirapine/Stavudine;Generic;150/200/30mg;Tablet - FDC;60;30080;171155,20;5,69;0,09;Cipla, Goa, India;Yes;2933;12067,26;369,01
77677;Tanzania;PMO - US;Direct Drop;EXW;Air;0;No;ARV;Adult;MYLAN LABORATORIES LTD (FORMERLY MATRIX LABORATORIES);Emtricitabine/Tenofovir Disoproxil Fumarate 200/300mg, tablets, 30 Tabs;Emtricitabine/Tenofovir Disoproxil Fumarate;Generic;200/300mg;Tablet - FDC;30;5000;28700,00;5,74;0,19;Mylan (formerly Matrix) Nashik;Yes;449;2865,22;29,50
73177;Vietnam;PMO - US;Direct Drop;EXW;Air;0;No;ARV;Adult;HETERO LABS LIMITED;Efavirenz 600mg, tablets, 30 Tabs;Efavirenz;Generic;600mg;Tablet;30;983;3184,92;3,24;0,11;Hetero Unit III Hyderabad IN;Yes;93;668,75;3,94
30842;Zimbabwe;PMO - US;Direct Drop;EXW;Air;0;No;ARV;Pediatric;MYLAN LABORATORIES LTD (FORMERLY MATRIX LABORATORIES);Lamivudine/Nevirapine/Zidovudine 30/50/60mg, dispersible tablets, 60 Tabs;Lamivudine/Nevirapine/Zidovudine;Generic;30/50/60mg;Chewable/dispersible tablet - FDC;60;813;2845,50;3,50;0,06;Mylan (formerly Matrix) Nashik;Yes;60;1344,94;3,35
5657;Uganda;PMO - US;Direct Drop;EXW;Air;0;No;HRDT;HIV test;CHEMBIO DIAGNOSTIC SYSTEMS, INC.;HIV 1/2, Stat-Pak HIV, Kit, 20 Tests;HIV 1/2, Stat-Pak HIV, Kit;Stat-Pak;N/A;Test kit;20;1275;34425,00;27,00;1,35;Chembio Diagnostics Sys. Inc.;Yes;483;4193,88;55,08
19685;Zambia;PMO - US;Direct Drop;FCA;Air;0;No;ARV;Pediatric;ABBVIE LOGISTICS (FORMERLY ABBOTT LOGISTICS BV);Lopinavir/Ritonavir 80/20mg/ml [Kaletra], oral solution, cool, Bottle 5 x 60 ml;Lopinavir/Ritonavir;Kaletra;80/20mg/ml;Oral solution;300;1500;46230,00;30,82;0,10;ABBVIE (Abbott) Logis. UK;Yes;1374;10365,13;57,19
35808;South Africa;PMO - US;Direct Drop;DDP;Air;1;Yes;ARV;Adult;CIPLA LIMITED;Tenofovir Disoproxil Fumarate 300mg, tablets, 30 Tabs;Tenofovir Disoproxil Fumarate;Generic;300mg;Tablet;30;51920;406014,40;7,82;0,26;Cipla, Goa, India;Yes;3549;3646,13;875,37
30601;Zambia;PMO - US;Direct Drop;EXW;Air;0;No;HRDT;HIV test;Orgenics, Ltd;HIV 1/2, Determine Complete HIV Kit, 100 Tests;HIV 1/2, Determine Complete HIV Kit;Determine;N/A;Test kit;100;2700;194400,00;72,00;0,72;Inverness Japan;Yes;1304;19502,09;419,13
63355;Ghana;PMO - US;Direct Drop;EXW;Air;0;No;ARV;Adult;Aurobindo Pharma Limited;Lopinavir/Ritonavir 200/50mg, tablets, 120 Tabs;Lopinavir/Ritonavir;Generic;200/50mg;Tablet;120;3393;73967,40;21,80;0,18;Aurobindo Unit III, India;Yes;901;7326,63;76,04
6105;Ethiopia;PMO - US;Direct Drop;EXW;Air;0;No;HRDT;HIV test;Trinity Biotech, Plc;HIV 1/2, Uni-Gold HIV Kit, 20 Tests;HIV 1/2, Uni-Gold HIV Kit;Uni-Gold;N/A;Test kit;20;2500;80000,00;32,00;1,60;Trinity Biotech, Plc;Yes;844;8101,57;156,80
71237;Zambia;PMO - US;Direct Drop;FCA;Air;0;No;ARV;Pediatric;ABBVIE LOGISTICS (FORMERLY ABBOTT LOGISTICS BV);Lopinavir/Ritonavir 80/20mg/ml [Kaletra], oral solution, cool, Bottle 5 x 60 ml;Lopinavir/Ritonavir;Kaletra;80/20mg/ml;Oral solution;300;760;23423,20;30,82;0,10;ABBVIE (Abbott) Logis. UK;Yes;757;10365,14;28,97
3009;Nigeria;PMO - US;Direct Drop;EXW;Air;0;No;HRDT;HIV test;Orgenics, Ltd;HIV 1/2, Determine HIV Kit, without Lancets, 100 Tests;HIV 1/2, Determine HIV Kit, without Lancets;Determine;N/A;Test kit;100;3000;239970,00;79,99;0,80;Inverness Japan;Yes;861;12770,05;383,95
25599;Zimbabwe;PMO - US;Direct Drop;EXW;Air Charter;0;No;ARV;Adult;MICRO LABS LIMITED;Nevirapine 200mg, tablets, 60 Tabs;Nevirapine;Generic;200mg;Tablet;60;55000;114400,00;2,08;0,03;Micro labs, Verna, Goa, India;Yes;5810;46213,40;117,60
31829;Guatemala;PMO - US;Direct Drop;EXW;Air;0;No;ARV;Pediatric;GLAXOSMITHKLINE EXPORT LIMITED;Zidovudine 10mg/ml [Retrovir], solution for IV infusion injection, Vial 5 x 20 ml;Zidovudine;Retrovir;10mg/ml;Injection;5;75;5265,00;70,20;14,04;GSK Barnard Castle UK;Yes;29;209,37;8,69
18862;Haiti;PMO - US;Direct Drop;EXW;Air;0;No;HRDT;HIV test;Orgenics, Ltd;HIV 1/2, Determine Complete HIV Kit, 100 Tests;HIV 1/2, Determine Complete HIV Kit;Determine;N/A;Test kit;100;4000;400000,00;100,00;1,00;Alere Medical Co., Ltd.;Yes;1624;16994,90;494,80
15695;Ethiopia;PMO - US;Direct Drop;EXW;Air;0;No;ARV;Adult;STRIDES ARCOLAB LIMITED;Lamivudine/Stavudine 150/30mg, tablets, 60 Tabs;Lamivudine/Stavudine;Generic;150/30mg;Tablet - FDC;60;71596;241278,52;3,37;0,06;Strides, Bangalore, India.;Yes;3652;15236,52;520,20
16277;Ethiopia;PMO - US;Direct Drop;EXW;Air;0;No;HRDT;HIV test;Trinity Biotech, Plc;HIV 1/2, Uni-Gold HIV Kit, 20 Tests;HIV 1/2, Uni-Gold HIV Kit;Uni-Gold;N/A;Test kit;20;26;832,00;32,00;1,60;Trinity Biotech, Plc;Yes;17;334,65;1,17
25828;South Africa;PMO - US;Direct Drop;DDP;Ocean;1;Yes;ARV;Adult;CIPLA LIMITED;Tenofovir Disoproxil Fumarate 300mg, tablets, 30 Tabs;Tenofovir Disoproxil Fumarate;Generic;300mg;Tablet;30;12346;84693,56;6,86;0,23;Cipla, Goa, India;Yes;820;9177,19;139,74
1179;Vietnam;PMO - US;Direct Drop;FCA;Air;0;No;ARV;Adult;ABBVIE LOGISTICS (FORMERLY ABBOTT LOGISTICS BV);Ritonavir 100mg [Norvir], capsules, cool, 4 x 84 Caps;Ritonavir;Norvir;100mg;Capsule;336;8;613,76;76,72;0,23;ABBVIE (Abbott) France;Yes;48;3366,04;1,20
1196;Botswana;PMO - US;Direct Drop;EXW;Air;1;Yes;HRDT;HIV test;Orasure Technologies Inc.;HIV 1/2, OraQuick Advance HIV Rapid Antibody Kit, 100 Tests;HIV 1/2, OraQuick Advance HIV Rapid Antibody Kit;OraQuick;N/A;Test kit;100;5;1750,00;350,00;3,50;Pacific Biotech, Thailand;Yes;12;684,42;3,43
71909;Cªte d'Ivoire;PMO - US;Direct Drop;EXW;Air;0;No;HRDT;HIV test;BIO-RAD LABORATORIES (FRANCE);HIV 1/2, Genie III Kit, 50 Tests;HIV 1/2, Genie III Kit;Genie;N/A;Test kit;50;300;27300,00;91,00;1,82;Bio-Rad Laboratories;Yes;160;2595,63;38,27
65261;Nigeria;PMO - US;Direct Drop;EXW;Air;0;No;HRDT;HIV test;Orgenics, Ltd;HIV 1/2, Determine Complete HIV Kit, 100 Tests;HIV 1/2, Determine Complete HIV Kit;Determine;N/A;Test kit;100;2520;224280,00;89,00;0,89;Inverness Japan;Yes;1201;28669,23;370,06
46250;Congo, DRC;PMO - US;Direct Drop;EXW;Air;0;No;ARV;Adult;MICRO LABS LIMITED;Lamivudine 150mg, tablets, 60 Tabs;Lamivudine;Generic;150mg;Tablet;60;3974;6835,28;1,72;0,03;Micro labs, Verna, Goa, India;Yes;209;3743,84;7,03
30388;Haiti;PMO - US;Direct Drop;FCA;Air;0;No;ARV;Adult;ABBVIE LOGISTICS (FORMERLY ABBOTT LOGISTICS BV);Ritonavir 100mg [Norvir], film coated tablets, 60 Tabs;Ritonavir;Norvir;100mg;Tablet;60;240;1644,00;6,85;0,11;ABBVIE Ludwigshafen Germany;Yes;30;877,61;2,03
17207;Rwanda;PMO - US;Direct Drop;CIP;Air;0;No;ARV;Adult;HETERO LABS LIMITED;Nevirapine 200mg, tablets, 60 Tabs;Nevirapine;Generic;200mg;Tablet;60;66825;206489,25;3,09;0,05;Hetero Unit III Hyderabad IN;Yes;3845;20194,78;404,72
3470;Uganda;PMO - US;Direct Drop;CIP;Air;0;No;ARV;Adult;BRISTOL-MYERS SQUIBB;Didanosine EC 250mg [Videx EC], delayed-release capsules, Blister 3 x 10 Caps;Didanosine EC;Videx EC;250mg;Delayed-release capsules - blister;30;50;917,00;18,34;0,61;BMS Meymac, France;Yes;2;378,00;1,80
43714;Nigeria;PMO - US;Direct Drop;EXW;Air;1;Yes;HRDT;HIV test;Orgenics, Ltd;HIV 1/2, Determine Complete HIV Kit, 100 Tests;HIV 1/2, Determine Complete HIV Kit;Determine;N/A;Test kit;100;8149;725261,00;89,00;0,89;Alere Medical Co., Ltd.;Yes;3886;86928,23;1016,82
56332;Cªte d'Ivoire;PMO - US;Direct Drop;EXW;Air;0;No;ARV;Adult;Aurobindo Pharma Limited;Didanosine 250mg, delayed-release capsules, 30 Caps;Didanosine;Generic;250mg;Delayed-release capsules;30;1200;9096,00;7,58;0,25;Aurobindo Unit III, India;Yes;96;1510,05;9,35
20512;Rwanda;PMO - US;Direct Drop;EXW;Air;0;No;ARV;Pediatric;EMCURE PHARMACEUTICALS LTD;Atazanavir 200mg, capsules, 60 Caps;Atazanavir;Generic;200mg;Capsule;60;1411;46563,00;33,00;0,55;Emcure Plot No.P-2, I.T-B.T. Park, Phase II, MIDC, Hinjwadi, Pune, India;Yes;145;1950,74;47,87
67011;Zimbabwe;PMO - US;Direct Drop;EXW;Air Charter;0;No;ARV;Adult;HETERO LABS LIMITED;Lamivudine/Tenofovir Disoproxil Fumarate 300/300mg, tablets, 30 Tabs;Lamivudine/Tenofovir Disoproxil Fumarate;Generic;300/300mg;Tablet - FDC;30;47136;217768,32;4,62;0,15;Hetero Unit III Hyderabad IN;Yes;5151;29257,65;223,87
14871;Vietnam;PMO - US;Direct Drop;EXW;Air;0;No;ARV;Pediatric;MYLAN LABORATORIES LTD (FORMERLY MATRIX LABORATORIES);Lamivudine/Zidovudine 30/60mg, tablets, 60 Tabs;Lamivudine/Zidovudine;Generic;30/60mg;Tablet - FDC;60;1769;3714,90;2,10;0,04;Mylan (formerly Matrix) Nashik;Yes;1961;7308,37;4,60
5113;Rwanda;PMO - US;Direct Drop;CIP;Air;0;No;ARV;Adult;HETERO LABS LIMITED;Efavirenz 600mg, tablets, 30 Tabs;Efavirenz;Generic;600mg;Tablet;30;28034;195677,32;6,98;0,23;Hetero Unit III Hyderabad IN;Yes;2268;19023,36;383,53
1162;Cªte d'Ivoire;PMO - US;Direct Drop;EXW;Air;0;No;HRDT;HIV test;BIO-RAD LABORATORIES (FRANCE);#108853** HIV, Genie II HIV-1/HIV-2 Kit, 40 Tests;HIV, Genie II HIV-1/HIV-2 Kit;Genie;N/A;Test kit;40;1000;110000,00;110,00;2,75;Bio-Rad Laboratories;Yes;1101;8074,03;215,60
53556;Tanzania;PMO - US;Direct Drop;EXW;Air;0;No;ARV;Adult;Aurobindo Pharma Limited;Abacavir 300mg, tablets, 60 Tabs;Abacavir;Generic;300mg;Tablet;60;19000;216600,00;11,40;0,19;Aurobindo Unit III, India;Yes;1909;9612,49;267,93
3202;Haiti;PMO - US;Direct Drop;EXW;Air;0;No;HRDT;HIV test;Orgenics, Ltd;HIV 1/2, Determine HIV Kit, without Lancets, 100 Tests;HIV 1/2, Determine HIV Kit, without Lancets;Determine;N/A;Test kit;100;1123;78610,00;70,00;0,70;Inverness Japan;Yes;257;2873,56;154,08
73348;Zimbabwe;PMO - US;Direct Drop;FCA;Air;0;No;ARV;Pediatric;ABBVIE LOGISTICS (FORMERLY ABBOTT LOGISTICS BV);Lopinavir/Ritonavir 80/20mg/ml [Kaletra], oral solution, cool, Bottle 5 x 60 ml;Lopinavir/Ritonavir;Kaletra;80/20mg/ml;Oral solution;300;5362;165256,84;30,82;0,10;ABBVIE (Abbott) Logis. UK;Yes;5060;44952,61;169,88
43812;Rwanda;PMO - US;Direct Drop;CIP;Air;0;No;ARV;Adult;Aurobindo Pharma Limited;Abacavir 300mg, tablets, 60 Tabs;Abacavir;Generic;300mg;Tablet;60;10620;205284,60;19,33;0,32;Aurobindo Unit III, India;Yes;1050;18475,61;402,36
14018;Haiti;PMO - US;Direct Drop;EXW;Air;0;No;ARV;Adult;HETERO LABS LIMITED;Lamivudine/Zidovudine 150/300mg, tablets, 60 Tabs;Lamivudine/Zidovudine;Generic;150/300mg;Tablet - FDC;60;50544;334095,84;6,61;0,11;Hetero, Jadcherla, unit 5, IN;Yes;4669;34778,32;343,45
76069;Congo, DRC;PMO - US;Direct Drop;EXW;Air;0;No;HRDT;HIV test;Trinity Biotech, Plc;HIV 1/2, Uni-Gold HIV Kit, 20 Tests;HIV 1/2, Uni-Gold HIV Kit;Uni-Gold;N/A;Test kit;20;469;15008,00;32,00;1,60;Trinity Biotech, Plc;Yes;170;3125,65;18,56
56029;Rwanda;PMO - US;Direct Drop;EXW;Air;1;Yes;HRDT;HIV test;SHANGHAI KEHUA BIOENGINEERING CO.,LTD.  (KHB);HIV 1/2, SKB Colloidal Gold, Diagnostic Kit, Antibody, 50 Tests;HIV 1/2, Colloidal Gold, Diagnostic Kit, Antibody;Colloidal Gold;N/A;Test kit;1;4230;103635,00;24,50;24,50;KHB Test Kit Facility, Shanghai China;Yes;2820;37130,88;106,54
67191;Uganda;PMO - US;Direct Drop;FCA;Air;0;No;ARV;Adult;ABBVIE LOGISTICS (FORMERLY ABBOTT LOGISTICS BV);Ritonavir 100mg [Norvir], capsules, cool, 4 x 84 Caps;Ritonavir;Norvir;100mg;Capsule;336;44;1687,84;38,36;0,11;ABBVIE (Abbott) Logis. UK;Yes;116;985,78;3,31
44702;Ethiopia;PMO - US;Direct Drop;EXW;Air;0;No;HRDT;HIV test;SHANGHAI KEHUA BIOENGINEERING CO.,LTD.  (KHB);HIV 1/2, SKB Colloidal Gold, Diagnostic Kit, Antibody, 50 Tests;HIV 1/2, Colloidal Gold, Diagnostic Kit, Antibody;Colloidal Gold;N/A;Test kit;1;4162;101969,00;24,50;24,50;KHB Test Kit Facility, Shanghai China;Yes;2777;34137,03;126,14
62555;Cªte d'Ivoire;PMO - US;Direct Drop;EXW;Ocean;0;No;ARV;Adult;Aurobindo Pharma Limited;Lopinavir/Ritonavir 200/50mg, tablets, 120 Tabs;Lopinavir/Ritonavir;Generic;200/50mg;Tablet;120;22600;678000,00;30,00;0,25;Aurobindo Unit III, India;Yes;5734;24624,00;950,56
69572;Cameroon;PMO - US;Direct Drop;EXW;Air;0;No;ARV;Adult;MYLAN LABORATORIES LTD (FORMERLY MATRIX LABORATORIES);Atazanavir/Ritonavir 300/100mg, tablets, 30 Tabs;Atazanavir/Ritonavir;Generic;300/100mg;Tablet;30;7108;138606,00;19,50;0,65;Mylan (formerly Matrix) Nashik;Yes;949;8024,10;163,14
59153;Vietnam;PMO - US;Direct Drop;FCA;Air;0;No;ARV;Adult;ABBVIE LOGISTICS (FORMERLY ABBOTT LOGISTICS BV);Lopinavir/Ritonavir 200/50mg [Aluvia], tablets, 120 Tabs;Lopinavir/Ritonavir;Aluvia;200/50mg;Tablet;120;3470;285234,00;82,20;0,68;ABBVIE Ludwigshafen Germany;Yes;862;5215,07;614,96
73301;Uganda;PMO - US;Direct Drop;FCA;Air;0;No;ARV;Adult;Hoffmann-La Roche ltd Basel;Saquinavir 500mg [Invirase], tablets, 120 Tabs;Saquinavir;Invirase;500mg;Tablet;120;98;10150,19;103,57;0,86;Roche Madrid;Yes;18;968,25;16,75
35043;Vietnam;PMO - US;Direct Drop;EXW;Air;0;No;ARV;Adult;HETERO LABS LIMITED;Efavirenz/Lamivudine/Tenofovir Disoproxil Fumarate 600/300/300mg, tablets, 30 Tabs;Efavirenz/Lamivudine/Tenofovir Disoproxil Fumarate;Generic;600/300/300mg;Tablet - FDC;30;18880;198240,00;10,50;0,35;Hetero Unit III Hyderabad IN;Yes;2452;3691,22;203,79
72976;Tanzania;PMO - US;Direct Drop;EXW;Air;0;No;HRDT;HIV test;Orgenics, Ltd;HIV 1/2, Determine Complete HIV Kit, 100 Tests;HIV 1/2, Determine Complete HIV Kit;Determine;N/A;Test kit;100;2884;230720,00;80,00;0,80;Alere Medical Co., Ltd.;Yes;1374;24000,91;323,47
65987;Vietnam;PMO - US;Direct Drop;FCA;Air;0;No;ARV;Pediatric;ABBVIE LOGISTICS (FORMERLY ABBOTT LOGISTICS BV);Lopinavir/Ritonavir 80/20mg/ml [Kaletra], oral solution, cool, Bottle 5 x 60 ml;Lopinavir/Ritonavir;Kaletra;80/20mg/ml;Oral solution;300;100;6082,00;60,82;0,20;ABBVIE (Abbott) Logis. UK;Yes;164;742,10;8,53
72914;Namibia;PMO - US;Direct Drop;EXW;Air;0;No;ARV;Adult;HETERO LABS LIMITED;Lamivudine/Tenofovir Disoproxil Fumarate 300/300mg, tablets, 30 Tabs;Lamivudine/Tenofovir Disoproxil Fumarate;Generic;300/300mg;Tablet - FDC;30;23322;107747,64;4,62;0,15;Hetero Unit III Hyderabad IN;Yes;2637;13397,02;110,76
23051;Tanzania;PMO - US;Direct Drop;EXW;Air;0;No;ARV;Adult;CIPLA LIMITED;Lamivudine/Nevirapine/Zidovudine 150/200/300mg, tablets, 60 Tabs;Lamivudine/Nevirapine/Zidovudine;Generic;150/300/200mg;Tablet - FDC;60;16245;131584,50;8,10;0,13;Cipla, Goa, India;Yes;2368;11363,07;162,77
19019;South Sudan;PMO - US;Direct Drop;EXW;Air;0;No;HRDT;HIV test;Trinity Biotech, Plc;HIV 1/2, Uni-Gold HIV Kit, 20 Tests;HIV 1/2, Uni-Gold HIV Kit;Uni-Gold;N/A;Test kit;20;25;800,00;32,00;1,60;Trinity Biotech, Plc;Yes;159;2395,42;0,99
45287;South Africa;PMO - US;Direct Drop;DDP;Ocean;0;No;ARV;Pediatric;Aurobindo Pharma Limited;Efavirenz 200mg, capsule, 90 Caps;Efavirenz;Generic;200mg;Capsule;90;25000;204250,00;8,17;0,09;Aurobindo Unit III, India;Yes;3313;5192,74;337,01
74183;Burundi;PMO - US;Direct Drop;EXW;Air;0;No;HRDT;HIV test;Orgenics, Ltd;HIV 1/2, Determine Complete HIV Kit, 100 Tests;HIV 1/2, Determine Complete HIV Kit;Determine;N/A;Test kit;100;2114;169120,00;80,00;0,80;Alere Medical Co., Ltd.;Yes;822;21348,51;173,86
18904;Congo, DRC;PMO - US;Direct Drop;FCA;Air;0;No;ARV;Pediatric;ABBVIE LOGISTICS (FORMERLY ABBOTT LOGISTICS BV);Lopinavir/Ritonavir 80/20mg/ml [Kaletra], oral solution, cool, Bottle 5 x 60 ml;Lopinavir/Ritonavir;Kaletra;80/20mg/ml;Oral solution;300;30;924,60;30,82;0,10;ABBVIE (Abbott) Logis. UK;Yes;56;460,90;1,14
48182;Haiti;PMO - US;Direct Drop;FCA;Air;0;No;ARV;Adult;ABBVIE LOGISTICS (FORMERLY ABBOTT LOGISTICS BV);Ritonavir 100mg [Norvir], film coated tablets, 60 Tabs;Ritonavir;Norvir;100mg;Tablet;60;272;1863,20;6,85;0,11;ABBVIE Ludwigshafen Germany;Yes;37;722,35;1,92
16707;Kenya;PMO - US;Direct Drop;EXW;Air;0;No;HRDT;HIV test;Orgenics, Ltd;HIV 1/2, Determine Complete HIV Kit, 100 Tests;HIV 1/2, Determine Complete HIV Kit;Determine;N/A;Test kit;100;8442;675360,00;80,00;0,80;Inverness Japan;Yes;1454;13343,23;1456,08
31486;South Sudan;PMO - US;Direct Drop;EXW;Air;0;No;HRDT;HIV test;Trinity Biotech, Plc;HIV 1/2, Uni-Gold HIV Kit, 20 Tests;HIV 1/2, Uni-Gold HIV Kit;Uni-Gold;N/A;Test kit;20;450;14400,00;32,00;1,60;Trinity Biotech, Plc;Yes;146;2478,87;17,81
80668;Tanzania;PMO - US;Direct Drop;FCA;Air;0;No;ARV;Pediatric;ABBVIE LOGISTICS (FORMERLY ABBOTT LOGISTICS BV);Lopinavir/Ritonavir 100/25mg [Aluvia], tablets, 60 Tabs;Lopinavir/Ritonavir;Generic;100/25mg;Tablet;60;765;4544,10;5,94;0,10;ABBVIE Ludwigshafen Germany;Yes;84;1396,04;5,62
23691;Vietnam;PMO - US;Direct Drop;EXW;Air;0;No;ARV;Adult;MICRO LABS LIMITED;Efavirenz 600mg, tablets, 30 Tabs;Efavirenz;Generic;600mg;Tablet;30;30118;97281,14;3,23;0,11;Micro labs, Verna, Goa, India;Yes;1782;9648,44;120,34
3846;Vietnam;PMO - US;Direct Drop;EXW;Air;0;No;ARV;Adult;CIPLA LIMITED;Lamivudine/Nevirapine/Stavudine 150/200/30mg, tablets, 60 Tabs;Lamivudine/Nevirapine/Stavudine;Generic;150/200/30mg;Tablet - FDC;60;35616;240408,00;6,75;0,11;Cipla, Goa, India;Yes;3479;10048,10;471,20
68219;Cªte d'Ivoire;PMO - US;Direct Drop;FCA;Air;0;No;ARV;Pediatric;ABBVIE LOGISTICS (FORMERLY ABBOTT LOGISTICS BV);Lopinavir/Ritonavir 80/20mg/ml [Kaletra], oral solution, cool, Bottle 5 x 60 ml;Lopinavir/Ritonavir;Kaletra;80/20mg/ml;Oral solution;300;745;22960,90;30,82;0,10;ABBVIE (Abbott) Logis. UK;Yes;844;9768,22;23,60
56906;Uganda;PMO - US;Direct Drop;EXW;Air;0;No;ARV;Adult;MYLAN LABORATORIES LTD (FORMERLY MATRIX LABORATORIES);Atazanavir 300mg, capsules, 30 Caps;Atazanavir;Generic;300mg;Capsule;30;7035;105525,00;15,00;0,50;Mylan (formerly Matrix) Nashik;Yes;440;2242,71;130,53
14286;Cªte d'Ivoire;PMO - US;Direct Drop;EXW;Air;0;No;HRDT;HIV test;CHEMBIO DIAGNOSTIC SYSTEMS, INC.;HIV 1/2, Stat-Pak HIV, Kit, 20 Tests;HIV 1/2, Stat-Pak HIV, Kit;Stat-Pak;N/A;Test kit;20;1900;55100,00;29,00;1,45;Chembio Diagnostics Sys. Inc.;Yes;550;8263,16;68,16
26192;Vietnam;PMO - US;Direct Drop;EXW;Air;0;No;ARV;Adult;MYLAN LABORATORIES LTD (FORMERLY MATRIX LABORATORIES);Efavirenz/Lamivudine/Tenofovir Disoproxil Fumarate 600/300/300mg, tablets, 30 Tabs;Efavirenz/Lamivudine/Tenofovir Disoproxil Fumarate;Generic;600/300/300mg;Tablet - FDC;30;18616;188952,40;10,15;0,34;Mylan (formerly Matrix) Nashik;Yes;2101;4384,01;194,24
18694;Tanzania;PMO - US;Direct Drop;CIP;Air;0;No;ARV;Adult;BRISTOL-MYERS SQUIBB;Didanosine EC 400mg [Videx EC], delayed-release capsules, Blister 3 x 10 Caps;Didanosine EC;Videx EC;400mg;Delayed-release capsules - blister;30;1000;23670,00;23,67;0,79;BMS Meymac, France;Yes;335;888,00;46,39
20280;Nigeria;PMO - US;Direct Drop;FCA;Air;0;No;ARV;Adult;Hoffmann-La Roche ltd Basel;Saquinavir 500mg [Invirase], tablets, 120 Tabs;Saquinavir;Invirase;500mg;Tablet;120;500;47667,85;95,34;0,79;Roche Basel;Yes;83;852,02;93,43
1593;Botswana;PMO - US;Direct Drop;EXW;Air;0;No;HRDT;HIV test;Trinity Biotech, Plc;HIV 1/2, Uni-Gold HIV Kit, 20 Tests;HIV 1/2, Uni-Gold HIV Kit;Uni-Gold;N/A;Test kit;20;450;14400,00;32,00;1,60;Trinity Biotech, Plc;Yes;154;2496,62;23,04
24547;Guyana;PMO - US;Direct Drop;EXW;Air;0;No;HRDT;HIV test;Orgenics, Ltd;HIV 1/2, Determine Complete HIV Kit, 100 Tests;HIV 1/2, Determine Complete HIV Kit;Determine;N/A;Test kit;100;618;55620,00;90,00;0,90;Inverness Japan;Yes;304;6363,92;119,92
21997;Haiti;PMO - US;Direct Drop;EXW;Ocean;0;No;ARV;Adult;CIPLA LIMITED;Efavirenz/Lamivudine/Tenofovir Disoproxil Fumarate 600/300/300mg, tablets, 30 Tabs;Efavirenz/Lamivudine/Tenofovir Disoproxil Fumarate;Generic;600/300/300mg;Tablet - FDC;30;38530;394932,50;10,25;0,34;Cipla Ltd A-42 MIDC Mahar. IN;Yes;5640;9481,92;405,99
43786;Uganda;PMO - US;Direct Drop;EXW;Air;0;No;HRDT;HIV test;Trinity Biotech, Plc;HIV 1/2, Uni-Gold HIV Kit, 20 Tests;HIV 1/2, Uni-Gold HIV Kit;Uni-Gold;N/A;Test kit;20;427;13664,00;32,00;1,60;Trinity Biotech, Plc;Yes;139;2473,96;16,90
78346;Vietnam;PMO - US;Direct Drop;EXW;Air;0;No;ARV;Adult;MYLAN LABORATORIES LTD (FORMERLY MATRIX LABORATORIES);Efavirenz 600mg, tablets, 30 Tabs;Efavirenz;Generic;600mg;Tablet;30;48235;207410,50;4,30;0,14;Mylan (formerly Matrix) Nashik;Yes;3919;11372,45;447,18
77113;Cªte d'Ivoire;PMO - US;Direct Drop;EXW;Air;0;No;HRDT;HIV test;CHEMBIO DIAGNOSTIC SYSTEMS, INC.;HIV 1/2, Stat-Pak HIV, Kit, 20 Tests;HIV 1/2, Stat-Pak HIV, Kit;Stat-Pak;N/A;Test kit;20;1230;38130,00;31,00;1,55;Chembio Diagnostics Sys. Inc.;Yes;357;5640,23;44,88
1957;Vietnam;PMO - US;Direct Drop;EXW;Air;0;No;ARV;Adult;CIPLA LIMITED;Lamivudine/Nevirapine/Stavudine 150/200/30mg, tablets, 60 Tabs;Lamivudine/Nevirapine/Stavudine;Generic;150/200/30mg;Tablet - FDC;60;3648;26448,00;7,25;0,12;Cipla, Goa, India;Yes;323;2335,19;51,84
42757;Cªte d'Ivoire;PMO - US;Direct Drop;FCA;Air;0;No;ARV;Adult;ABBVIE LOGISTICS (FORMERLY ABBOTT LOGISTICS BV);Ritonavir 100mg [Norvir], film coated tablets, 60 Tabs;Ritonavir;Norvir;100mg;Tablet;60;4014;27495,90;6,85;0,11;ABBVIE Ludwigshafen Germany;Yes;507;4520,66;59,28
38504;Sudan;PMO - US;Direct Drop;EXW;Air;0;No;HRDT;HIV test;Trinity Biotech, Plc;HIV 1/2, Uni-Gold HIV Kit, 20 Tests;HIV 1/2, Uni-Gold HIV Kit;Uni-Gold;N/A;Test kit;20;10;320,00;32,00;1,60;Trinity Biotech, Plc;Yes;4;593,80;0,53
14265;Vietnam;PMO - US;Direct Drop;EXW;Air;0;No;ARV;Pediatric;Aurobindo Pharma Limited;Nevirapine 10mg/ml, oral suspension w/syringe, Bottle, 240 ml;Nevirapine;Generic;10mg/ml;Oral suspension;240;263;486,55;1,85;0,01;Aurobindo Unit III, India;Yes;182;5970,85;0,60
58801;Cªte d'Ivoire;PMO - US;Direct Drop;EXW;Air;0;No;ARV;Adult;MYLAN LABORATORIES LTD (FORMERLY MATRIX LABORATORIES);Abacavir/Lamivudine/Zidovudine 300/150/300mg, tablets, 60 Tabs;Abacavir/Lamivudine/Zidovudine;Generic;300/150/300mg;Tablet - FDC;60;3136;94080,00;30,00;0,50;Mylan (formerly Matrix) Nashik;Yes;492;5150,82;202,84
5895;Vietnam;PMO - US;Direct Drop;EXW;Air;0;No;ARV;Adult;MYLAN LABORATORIES LTD (FORMERLY MATRIX LABORATORIES);Tenofovir Disoproxil Fumarate 300mg, tablets, 30 Tabs;Tenofovir Disoproxil Fumarate;Generic;300mg;Tablet;30;5040;62294,40;12,36;0,41;Mylan (formerly Matrix) Nashik;Yes;301;4883,46;99,67
33969;Tanzania;PMO - US;Direct Drop;EXW;Ocean;0;No;ARV;Adult;MYLAN LABORATORIES LTD (FORMERLY MATRIX LABORATORIES);Efavirenz/Emtricitabine/Tenofovir Disoproxil Fumarate 600/200/300mg, tablets, 30 Tabs;Efavirenz/Emtricitabine/Tenofovir Disoproxil Fumarate;Generic;600/200/300mg;Tablet - FDC;30;57727;1148767,30;19,90;0,66;Mylan (formerly Matrix) Nashik;Yes;6349;27797,60;2476,74
33232;Uganda;PMO - US;Direct Drop;EXW;Air;0;No;ARV;Adult;MYLAN LABORATORIES LTD (FORMERLY MATRIX LABORATORIES);Atazanavir/Ritonavir 300/100mg, tablets, 30 Tabs;Atazanavir/Ritonavir;Generic;300/100mg;Tablet;30;1801;36020,00;20,00;0,67;Mylan (formerly Matrix) Nashik;Yes;225;1726,75;37,03
40950;Guyana;PMO - US;Direct Drop;FCA;Air;0;No;ARV;Pediatric;ABBVIE LOGISTICS (FORMERLY ABBOTT LOGISTICS BV);Lopinavir/Ritonavir 80/20mg/ml [Kaletra], oral solution, cool, Bottle 5 x 60 ml;Lopinavir/Ritonavir;Kaletra;80/20mg/ml;Oral solution;300;12;729,84;60,82;0,20;ABBVIE (Abbott) Logis. UK;Yes;39;790,71;0,75
2153;Vietnam;PMO - US;Direct Drop;EXW;Air;0;No;ARV;Adult;Aurobindo Pharma Limited;Nevirapine 200mg, tablets, 60 Tabs;Nevirapine;Generic;200mg;Tablet;60;6000;17400,00;2,90;0,05;Aurobindo Unit III, India;Yes;581;2653,27;34,10
58372;Cªte d'Ivoire;PMO - US;Direct Drop;EXW;Air;0;No;ARV;Pediatric;Aurobindo Pharma Limited;Nevirapine 50mg, dispersible tablets (tablets for oral suspension), 30 Tabs;Nevirapine;Generic;50mg;Chewable/dispersible tablet;30;7000;8750,00;1,25;0,04;Aurobindo Unit III, India;Yes;482;5678,33;10,82
4534;Zambia;PMO - US;Direct Drop;EXW;Air;0;No;HRDT;HIV test;Trinity Biotech, Plc;HIV 1/2, Uni-Gold HIV Kit, 20 Tests;HIV 1/2, Uni-Gold HIV Kit;Uni-Gold;N/A;Test kit;20;5900;188800,00;32,00;1,60;Trinity Biotech, Plc;Yes;1989;19569,48;370,05
63292;Vietnam;PMO - US;Direct Drop;FCA;Air;0;No;ARV;Adult;ABBVIE LOGISTICS (FORMERLY ABBOTT LOGISTICS BV);Ritonavir 100mg [Norvir], film coated tablets, 30 Tabs;Ritonavir;Norvir;100mg;Tablet;30;400;9304,00;23,26;0,78;ABBVIE Ludwigshafen Germany;Yes;52;379,77;9,56
80090;Nigeria;PMO - US;Direct Drop;EXW;Air;0;No;HRDT;HIV test;Orgenics, Ltd;HIV 1/2, Determine Complete HIV Kit, 100 Tests;HIV 1/2, Determine Complete HIV Kit;Determine;N/A;Test kit;100;1139;101371,00;89,00;0,89;Alere Medical Co., Ltd.;Yes;542;13117,86;142,12
49085;Sudan;PMO - US;Direct Drop;EXW;Air;0;No;HRDT;HIV test - Ancillary;Orgenics, Ltd;Capillary Tubes, for Determine, EDTA, 50uL,100 Pcs;HIV, Capillary Tubes, for Determine, EDTA, 50uL,100 Pcs;Determine;N/A;Test kit - Ancillary;100;4;32,00;8,00;0,08;Alere Medical Co., Ltd.;Yes;2;942,64;0,05
66669;Vietnam;PMO - US;Direct Drop;EXW;Air;0;No;ARV;Adult;MYLAN LABORATORIES LTD (FORMERLY MATRIX LABORATORIES);Efavirenz 600mg, tablets, 30 Tabs;Efavirenz;Generic;600mg;Tablet;30;62369;268186,70;4,30;0,14;Mylan (formerly Matrix) Nashik;Yes;5009;17031,91;578,21
37887;South Africa;PMO - US;Direct Drop;DDP;Air;1;Yes;ARV;Adult;CIPLA LIMITED;Tenofovir Disoproxil Fumarate 300mg, tablets, 30 Tabs;Tenofovir Disoproxil Fumarate;Generic;300mg;Tablet;30;63785;498798,70;7,82;0,26;Cipla, Goa, India;Yes;4141;5404,34;1075,41
9002;Haiti;PMO - US;Direct Drop;FCA;Air;0;No;ARV;Pediatric;ABBVIE LOGISTICS (FORMERLY ABBOTT LOGISTICS BV);Lopinavir/Ritonavir 80/20mg/ml [Kaletra], oral solution, cool, Bottle 5 x 60 ml;Lopinavir/Ritonavir;Kaletra;80/20mg/ml;Oral solution;300;50;2055,00;41,10;0,14;ABBVIE (Abbott) Logis. UK;Yes;99;2704,58;4,03
420;Vietnam;PMO - US;Direct Drop;EXW;Air;0;No;ARV;Adult;MYLAN LABORATORIES LTD (FORMERLY MATRIX LABORATORIES);Efavirenz 600mg, tablets, 30 Tabs;Efavirenz;Generic;600mg;Tablet;30;8400;96432,00;11,48;0,38;Mylan (formerly Matrix) Nashik;Yes;654;4051,34;154,29
73757;Zambia;PMO - US;Direct Drop;FCA;Air;0;No;ARV;Pediatric;ABBVIE LOGISTICS (FORMERLY ABBOTT LOGISTICS BV);Lopinavir/Ritonavir 80/20mg/ml [Kaletra], oral solution, cool, Bottle 5 x 60 ml;Lopinavir/Ritonavir;Kaletra;80/20mg/ml;Oral solution;300;2265;69807,30;30,82;0,10;ABBVIE (Abbott) Logis. UK;Yes;2272;13303,80;71,76
77509;South Africa;PMO - US;Direct Drop;DDP;Ocean;0;No;ARV;Pediatric;GLAXOSMITHKLINE EXPORT LIMITED;Abacavir 20mg/ml [Ziagen], oral solution, Bottle, 240 ml;Abacavir;Ziagen;20mg/ml;Oral solution;240;20000;185600,00;9,28;0,04;GSK Mississauga (Canada);Yes;7670;7175,68;306,24
18246;Burundi;PMO - US;Direct Drop;EXW;Air;0;No;HRDT;HIV test;CHEMBIO DIAGNOSTIC SYSTEMS, INC.;HIV 1/2, Stat-Pak Dipstick Assay Kit, 30 Tests;HIV 1/2, Stat-Pak Dipstick Assay Kit;Stat-Pak;N/A;Test kit;30;414;11426,40;27,60;0,92;Chembio Diagnostics Sys. Inc.;Yes;45;753,35;11,75
5793;Vietnam;PMO - US;Direct Drop;EXW;Air;0;No;ARV;Adult;Aurobindo Pharma Limited;Lamivudine/Zidovudine 150/300mg, tablets, 60 Tabs;Lamivudine/Zidovudine;Generic;150/300mg;Tablet - FDC;60;3024;27972,00;9,25;0,15;Aurobindo Unit III, India;Yes;703;10356,86;44,76
35250;Vietnam;PMO - US;Direct Drop;FCA;Air;0;No;ARV;Adult;ABBVIE LOGISTICS (FORMERLY ABBOTT LOGISTICS BV);Ritonavir 100mg [Norvir], film coated tablets, 30 Tabs;Ritonavir;Norvir;100mg;Tablet;30;300;6978,00;23,26;0,78;ABBVIE Ludwigshafen Germany;Yes;38;1779,09;7,17
65381;Zimbabwe;PMO - US;Direct Drop;FCA;Air;0;No;ARV;Pediatric;ABBVIE LOGISTICS (FORMERLY ABBOTT LOGISTICS BV);Lopinavir/Ritonavir 80/20mg/ml [Kaletra], oral solution, cool, Bottle 5 x 60 ml;Lopinavir/Ritonavir;Kaletra;80/20mg/ml;Oral solution;300;1500;46230,00;30,82;0,10;ABBVIE (Abbott) Logis. UK;Yes;1374;9299,26;64,81
76809;Nigeria;PMO - US;Direct Drop;EXW;Air;0;No;HRDT;HIV test;Orgenics, Ltd;HIV 1/2, Determine Complete HIV Kit, 100 Tests;HIV 1/2, Determine Complete HIV Kit;Determine;N/A;Test kit;100;2890;257210,00;89,00;0,89;Alere Medical Co., Ltd.;Yes;1377;32575,03;424,40
60450;Kenya;PMO - US;Direct Drop;EXW;Air;1;Yes;HRDT;HIV test;Orgenics, Ltd;HIV 1/2, Determine Complete HIV Kit, 100 Tests;HIV 1/2, Determine Complete HIV Kit;Determine;N/A;Test kit;100;1500;120000,00;80,00;0,80;Inverness Japan;Yes;1489;14532,09;258,72
56005;Haiti;PMO - US;Direct Drop;EXW;Air;0;No;ARV;Pediatric;CIPLA LIMITED;Lamivudine/Zidovudine 30/60mg, dispersible tablets, 60 Tabs;Lamivudine/Zidovudine;Generic;30/60mg;Chewable/dispersible tablet - FDC;60;3184;6336,16;1,99;0,03;Cipla, Goa, India;Yes;250;2794,21;6,51
64003;Cªte d'Ivoire;PMO - US;Direct Drop;EXW;Air;0;No;HRDT;HIV test;Standard Diagnostics, Inc.;HIV 1/2, Bioline 3.0 Kit, (no accessories), 30 Tests;HIV 1/2, Bioline 3.0 Kit (no accessories);Bioline;N/A;Test kit;30;1800;43200,00;24,00;0,80;Standard Diagnostics, Korea;Yes;560;5180,34;84,67
18923;Tanzania;PMO - US;Direct Drop;EXW;Air;0;No;ARV;Pediatric;EMCURE PHARMACEUTICALS LTD;Atazanavir 150mg, capsules, 60 Caps;Atazanavir;Generic;150mg;Capsule;60;426;11114,34;26,09;0,43;Emcure Plot No.P-2, I.T-B.T. Park, Phase II, MIDC, Hinjwadi, Pune, India;Yes;45;1013,19;23,96
64635;Haiti;PMO - US;Direct Drop;EXW;Ocean;0;No;ARV;Adult;HETERO LABS LIMITED;Lamivudine/Tenofovir Disoproxil Fumarate 300/300mg, tablets, 30 Tabs;Lamivudine/Tenofovir Disoproxil Fumarate;Generic;300/300mg;Tablet - FDC;30;19152;88482,24;4,62;0,15;Hetero Unit III Hyderabad IN;Yes;8351;6806,86;109,45
40963;Nigeria;PMO - US;Direct Drop;EXW;Air;0;No;HRDT;HIV test;Orgenics, Ltd;HIV 1/2, Determine Complete HIV Kit, 100 Tests;HIV 1/2, Determine Complete HIV Kit;Determine;N/A;Test kit;100;6170;549130,00;89,00;0,89;Alere Medical Co., Ltd.;Yes;2498;30648,28;564,51
25752;South Africa;PMO - US;Direct Drop;DDP;Air;0;No;ARV;Adult;CIPLA LIMITED;Tenofovir Disoproxil Fumarate 300mg, tablets, 30 Tabs;Tenofovir Disoproxil Fumarate;Generic;300mg;Tablet;30;38890;304119,80;7,82;0,26;Cipla, Goa, India;Yes;2649;3908,55;655,68
64558;Uganda;PMO - US;Direct Drop;EXW;Air;0;No;ARV;Adult;CIPLA LIMITED;Lamivudine/Nevirapine/Zidovudine 150/200/300mg, tablets, 60 Tabs;Lamivudine/Nevirapine/Zidovudine;Generic;150/300/200mg;Tablet - FDC;60;39449;319536,90;8,10;0,13;Cipla, Goa, India;Yes;5714;20416,03;395,27
58277;Cªte d'Ivoire;PMO - US;Direct Drop;EXW;Air;0;No;HRDT;HIV test;Standard Diagnostics, Inc.;HIV 1/2, Bioline 3.0 Kit, (no accessories), 30 Tests;HIV 1/2, Bioline 3.0 Kit (no accessories);Bioline;N/A;Test kit;30;1456;34944,00;24,00;0,80;Standard Diagnostics, Korea;Yes;486;5074,33;75,34
25642;Guyana;PMO - US;Direct Drop;EXW;Air;0;No;HRDT;HIV test;Orgenics, Ltd;HIV 1/2, Determine Complete HIV Kit, 100 Tests;HIV 1/2, Determine Complete HIV Kit;Determine;N/A;Test kit;100;336;30240,00;90,00;0,90;Inverness Japan;Yes;154;4268,93;65,20
61563;Vietnam;PMO - US;Direct Drop;FCA;Air;0;No;ARV;Adult;ABBVIE LOGISTICS (FORMERLY ABBOTT LOGISTICS BV);Ritonavir 100mg [Norvir], capsules, cool, 4 x 84 Caps;Ritonavir;Norvir;100mg;Capsule;336;56;17185,28;306,88;0,91;ABBVIE (Abbott) Logis. UK;Yes;168;4092,21;37,05
75139;Vietnam;PMO - US;Direct Drop;EXW;Air;0;No;ARV;Adult;Aurobindo Pharma Limited;Stavudine 30mg, capsules, 60 Caps;Stavudine;Generic;30mg;Capsule;60;3024;4384,80;1,45;0,02;Aurobindo Unit III, India;Yes;202;1615,88;8,59
59429;Zimbabwe;PMO - US;Direct Drop;EXW;Air;0;No;HRDT;HIV test;Orgenics, Ltd;HIV 1/2, Determine Complete HIV Kit, 100 Tests;HIV 1/2, Determine Complete HIV Kit;Determine;N/A;Test kit;100;8787;702960,00;80,00;0,80;Alere Medical Co., Ltd.;Yes;3560;52462,81;722,64
77152;Vietnam;PMO - US;Direct Drop;EXW;Air;0;No;ARV;Adult;MYLAN LABORATORIES LTD (FORMERLY MATRIX LABORATORIES);Efavirenz 600mg, tablets, 30 Tabs;Efavirenz;Generic;600mg;Tablet;30;31579;135789,70;4,30;0,14;Mylan (formerly Matrix) Nashik;Yes;2585;11617,57;292,76
6932;Nigeria;PMO - US;Direct Drop;EXW;Air;0;No;HRDT;HIV test;CHEMBIO DIAGNOSTIC SYSTEMS, INC.;HIV 1/2, Stat-Pak HIV, Kit, 20 Tests;HIV 1/2, Stat-Pak HIV, Kit;Stat-Pak;N/A;Test kit;20;9380;253260,00;27,00;1,35;Chembio Diagnostics Sys. Inc.;Yes;3058;18750,20;405,22
39873;Vietnam;PMO - US;Direct Drop;FCA;Air;0;No;ARV;Adult;ABBVIE LOGISTICS (FORMERLY ABBOTT LOGISTICS BV);Lopinavir/Ritonavir 200/50mg [Aluvia], tablets, 120 Tabs;Lopinavir/Ritonavir;Aluvia;200/50mg;Tablet;120;5200;316264,00;60,82;0,51;ABBVIE Ludwigshafen Germany;Yes;1272;3824,06;325,12
15382;Mali;PMO - US;Direct Drop;EXW;Air;0;No;HRDT;HIV test;Orgenics, Ltd;HIV 1/2, Determine Complete HIV Kit, 100 Tests;HIV 1/2, Determine Complete HIV Kit;Determine;N/A;Test kit;100;81;6480,00;80,00;0,80;Alere Medical Co., Ltd.;Yes;37;2190,78;8,02
52631;Liberia;PMO - US;Direct Drop;EXW;Air;0;No;HRDT;HIV test;Standard Diagnostics, Inc.;HIV 1/2, Bioline 3.0 Kit, Lancets, Capillary pipets, Alcohol swabs included, 25 Tests;HIV 1/2, Bioline 3.0 Kit, Lancets, Capillary pipets, Alcohol swabs included;Bioline;N/A;Test kit;25;70;1400,00;20,00;0,80;Standard Diagnostics, Korea;Yes;25;648,95;2,31
58211;Cªte d'Ivoire;PMO - US;Direct Drop;EXW;Air;0;No;HRDT;HIV test;Orgenics, Ltd;HIV 1/2, Determine HIV Kit, without Lancets, 100 Tests;HIV 1/2, Determine HIV Kit, without Lancets;Determine;N/A;Test kit;100;3500;245000,00;70,00;0,70;Inverness Japan;Yes;794;12619,38;528,22
68846;Uganda;PMO - US;Direct Drop;EXW;Air;0;No;ARV;Adult;ASPEN PHARMACARE;Darunavir 300mg [Prezista], tablets, 120 Tabs;Darunavir;Prezista;300mg;Tablet;120;112;10080,00;90,00;0,75;Aspen-OSD, Port Elizabeth, SA;Yes;16;1000,94;19,76
38266;Congo, DRC;PMO - US;Direct Drop;EXW;Air;0;No;HRDT;HIV test;Orgenics, Ltd;HIV 1/2, Determine Complete HIV Kit, 100 Tests;HIV 1/2, Determine Complete HIV Kit;Determine;N/A;Test kit;100;2917;233360,00;80,00;0,80;Alere Medical Co., Ltd.;Yes;1361;24410,67;288,67
63697;South Africa;PMO - US;Direct Drop;DDP;Air;0;No;ARV;Adult;STRIDES ARCOLAB LIMITED;Lamivudine 150mg, tablets, 60 Tabs;Lamivudine;Generic;150mg;Tablet;60;333334;856668,38;2,57;0,04;Strides, Bangalore, India.;Yes;16496;25285,11;1846,98
2297;Vietnam;PMO - US;Direct Drop;EXW;Air;0;No;ARV;Adult;Aurobindo Pharma Limited;Lamivudine 150mg, tablets, 60 Tabs;Lamivudine;Generic;150mg;Tablet;60;9000;21600,00;2,40;0,04;Aurobindo Unit III, India;Yes;2228;9809,70;42,34
19431;Cªte d'Ivoire;PMO - US;Direct Drop;EXW;Air;0;No;HRDT;HIV test;Standard Diagnostics, Inc.;HIV 1/2, Bioline 3.0 Kit, Lancets, Capillary pipets, Alcohol swabs included, 25 Tests;HIV 1/2, Bioline 3.0 Kit, Lancets, Capillary pipets, Alcohol swabs included;Bioline;N/A;Test kit;25;1400;28700,00;20,50;0,82;Standard Diagnostics, Korea;Yes;437;5924,89;29,50
3870;Botswana;PMO - US;Direct Drop;EXW;Air;0;No;HRDT;HIV test;Orasure Technologies Inc.;HIV 1/2, OraQuick Advance HIV Rapid Antibody Kit, 100 Tests;HIV 1/2, OraQuick Advance HIV Rapid Antibody Kit;OraQuick;N/A;Test kit;100;1;350,00;350,00;3,50;Pacific Biotech, Thailand;Yes;3;597,43;0,69
67868;Cªte d'Ivoire;PMO - US;Direct Drop;FCA;Air;0;No;ARV;Adult;ABBVIE LOGISTICS (FORMERLY ABBOTT LOGISTICS BV);Ritonavir 100mg [Norvir], film coated tablets, 60 Tabs;Ritonavir;Norvir;100mg;Tablet;60;3450;23632,50;6,85;0,11;ABBVIE Ludwigshafen Germany;Yes;440;4588,02;46,32
27200;South Africa;PMO - US;Direct Drop;DDP;Air;0;No;ARV;Adult;HETERO LABS LIMITED;Efavirenz 600mg, tablets, 30 Tabs;Efavirenz;Generic;600mg;Tablet;30;92500;435675,00;4,71;0,16;Hetero Unit III Hyderabad IN;Yes;8025;9706,85;718,86
44068;Vietnam;PMO - US;Direct Drop;EXW;Air;0;No;ARV;Adult;MYLAN LABORATORIES LTD (FORMERLY MATRIX LABORATORIES);Efavirenz/Lamivudine/Tenofovir Disoproxil Fumarate 600/300/300mg, tablets, 30 Tabs;Efavirenz/Lamivudine/Tenofovir Disoproxil Fumarate;Generic;600/300/300mg;Tablet - FDC;30;21384;217047,60;10,15;0,34;Mylan (formerly Matrix) Nashik;Yes;2406;4219,32;223,12
65675;Tanzania;PMO - US;Direct Drop;EXW;Air;0;No;ARV;Adult;MYLAN LABORATORIES LTD (FORMERLY MATRIX LABORATORIES);Abacavir 300mg, tablets, 60 Tabs;Abacavir;Generic;300mg;Tablet;60;20000;221800,00;11,09;0,18;Mylan (formerly Matrix) Nashik;Yes;2069;9716,76;228,01
33522;Cªte d'Ivoire;PMO - US;Direct Drop;EXW;Air;0;No;HRDT;HIV test;Orgenics, Ltd;HIV 1/2, Determine Complete HIV Kit, 100 Tests;HIV 1/2, Determine Complete HIV Kit;Determine;N/A;Test kit;100;2400;192000,00;80,00;0,80;Alere Medical Co., Ltd.;Yes;1043;20882,95;269,18
65291;Ethiopia;PMO - US;Direct Drop;EXW;Air;0;No;HRDT;HIV test;Trinity Biotech, Plc;HIV 1/2, Uni-Gold HIV Kit, 20 Tests;HIV 1/2, Uni-Gold HIV Kit;Uni-Gold;N/A;Test kit;20;167;5344,00;32,00;1,60;Trinity Biotech, Plc;Yes;60;911,32;7,49
17800;Haiti;PMO - US;Direct Drop;FCA;Air;0;No;ARV;Pediatric;ABBVIE LOGISTICS (FORMERLY ABBOTT LOGISTICS BV);Lopinavir/Ritonavir 80/20mg/ml [Kaletra], oral solution, cool, Bottle 5 x 60 ml;Lopinavir/Ritonavir;Kaletra;80/20mg/ml;Oral solution;300;100;3082,00;30,82;0,10;ABBVIE (Abbott) Logis. UK;Yes;164;2419,33;3,81
26188;Tanzania;PMO - US;Direct Drop;EXW;Air;0;No;HRDT;HIV test;Standard Diagnostics, Inc.;HIV 1/2, Bioline 3.0 Kit, Lancets, Capillary pipets, Alcohol swabs included, 25 Tests;HIV 1/2, Bioline 3.0 Kit, Lancets, Capillary pipets, Alcohol swabs included;Bioline;N/A;Test kit;25;10000;200000,00;20,00;0,80;Standard Diagnostics, Korea;Yes;3334;23030,38;330,00
1648;Botswana;PMO - US;Direct Drop;EXW;Air;0;No;HRDT;HIV test;Orasure Technologies Inc.;HIV 1/2, OraQuick Advance HIV Rapid Antibody Kit, 100 Tests;HIV 1/2, OraQuick Advance HIV Rapid Antibody Kit;OraQuick;N/A;Test kit;100;10;3500,00;350,00;3,50;Pacific Biotech, Thailand;Yes;39;604,00;5,60
39427;Cªte d'Ivoire;PMO - US;Direct Drop;CIP;Air;0;No;ARV;Adult;MERCK SHARP & DOHME IDEA GMBH (FORMALLY MERCK SHARP & DOHME B.V.);Indinavir 400mg [Crixivan], capsules, 180 Caps;Indinavir;Crixivan;400mg;Capsule;180;1000;50000,00;50,00;0,28;MSD, Haarlem, NL;Yes;254;881,33;107,80
37417;Zambia;PMO - US;Direct Drop;EXW;Air;0;No;HRDT;HIV test;Standard Diagnostics, Inc.;HIV 1/2, Bioline 3.0 Kit, Lancets, Capillary pipets, Alcohol swabs included, 25 Tests;HIV 1/2, Bioline 3.0 Kit, Lancets, Capillary pipets, Alcohol swabs included;Bioline;N/A;Test kit;25;120;2400,00;20,00;0,80;Standard Diagnostics, Korea;Yes;40;771,88;5,17
22295;South Africa;PMO - US;Direct Drop;DDP;Ocean;0;No;ARV;Adult;Aurobindo Pharma Limited;Efavirenz 600mg, tablets, 30 Tabs;Efavirenz;Generic;600mg;Tablet;30;108129;489824,37;4,53;0,15;Aurobindo Unit III, India;Yes;9280;15331,51;1056,06
40821;Cameroon;PMO - US;Direct Drop;EXW;Air;0;No;ARV;Adult;CIPLA LIMITED;Lamivudine/Tenofovir Disoproxil Fumarate 300/300mg, tablets, 30 Tabs;Lamivudine/Tenofovir Disoproxil Fumarate;Generic;300/300mg;Tablet - FDC;30;12600;57960,00;4,60;0,15;Cipla, Kurkumbh, India;Yes;1278;15106,61;71,70
19924;Haiti;PMO - US;Direct Drop;EXW;Air;0;No;HRDT;HIV test;Orgenics, Ltd;HIV 1/2, Determine Complete HIV Kit, 100 Tests;HIV 1/2, Determine Complete HIV Kit;Determine;N/A;Test kit;100;6302;630200,00;100,00;1,00;Alere Medical Co., Ltd.;Yes;2557;21256,43;741,75
65548;South Africa;PMO - US;Direct Drop;DDP;Ocean;1;Yes;ARV;Adult;Aurobindo Pharma Limited;Efavirenz 600mg, tablets, 30 Tabs;Efavirenz;Generic;600mg;Tablet;30;70;315,70;4,51;0,15;Aurobindo Unit III, India;Yes;6;9951,38;0,52
39708;Cªte d'Ivoire;PMO - US;Direct Drop;FCA;Air;0;No;ARV;Adult;ABBVIE LOGISTICS (FORMERLY ABBOTT LOGISTICS BV);Ritonavir 100mg [Norvir], capsules, cool, 4 x 84 Caps;Ritonavir;Norvir;100mg;Capsule;336;300;11508,00;38,36;0,11;ABBVIE (Abbott) Logis. UK;Yes;546;4901,51;22,56
74260;Uganda;PMO - US;Direct Drop;CIP;Air;0;No;ARV;Adult;MERCK SHARP & DOHME IDEA GMBH (FORMALLY MERCK SHARP & DOHME B.V.);Indinavir 400mg [Crixivan], capsules, 180 Caps;Indinavir;Crixivan;400mg;Capsule;180;36;1800,00;50,00;0,28;MSD, Haarlem, NL;Yes;9;286,00;2,97
53532;Tanzania;PMO - US;Direct Drop;EXW;Air;0;No;HRDT;HIV test;Orgenics, Ltd;HIV 1/2, Determine Complete HIV Kit, 100 Tests;HIV 1/2, Determine Complete HIV Kit;Determine;N/A;Test kit;100;2744;219520,00;80,00;0,80;Alere Medical Co., Ltd.;Yes;1303;22223,95;307,77
22417;Haiti;PMO - US;Direct Drop;FCA;Air;0;No;ARV;Pediatric;ABBVIE LOGISTICS (FORMERLY ABBOTT LOGISTICS BV);Lopinavir/Ritonavir 100/25mg [Aluvia], tablets, 60 Tabs;Lopinavir/Ritonavir;Generic;100/25mg;Tablet;60;2697;16020,18;5,94;0,10;ABBVIE Ludwigshafen Germany;Yes;1825;4126,90;16,47
56524;Mozambique;PMO - US;Direct Drop;EXW;Ocean;0;No;HRDT;HIV test;Trinity Biotech, Plc;HIV 1/2, Uni-Gold HIV Kit, 20 Tests;HIV 1/2, Uni-Gold HIV Kit;Uni-Gold;N/A;Test kit;20;13300;425600,00;32,00;1,60;Trinity Biotech, Plc;Yes;4472;23408,33;702,24
34010;Uganda;PMO - US;Direct Drop;EXW;Air;0;No;ARV;Adult;EMCURE PHARMACEUTICALS LTD;Atazanavir/Ritonavir 300/100mg, tablets, 30 Tabs;Atazanavir/Ritonavir;Generic;300/100mg;Tablet;30;1000;18000,00;18,00;0,60;Emcure Plot No.P-2, I.T-B.T. Park, Phase II, MIDC, Hinjwadi, Pune, India;Yes;132;1329,99;21,19
58311;Cªte d'Ivoire;PMO - US;Direct Drop;FCA;Air;0;No;ARV;Pediatric;ABBVIE LOGISTICS (FORMERLY ABBOTT LOGISTICS BV);Lopinavir/Ritonavir 80/20mg/ml [Kaletra], oral solution, cool, Bottle 5 x 60 ml;Lopinavir/Ritonavir;Kaletra;80/20mg/ml;Oral solution;300;520;16026,40;30,82;0,10;ABBVIE (Abbott) Logis. UK;Yes;242;5257,72;19,82
46574;Rwanda;PMO - US;Direct Drop;CIP;Air;0;No;ARV;Pediatric;CIPLA LIMITED;Lamivudine/Stavudine 60/12mg, dispersible tablets, 60 Tabs;Lamivudine/Stavudine;Generic;60/12mg;Chewable/dispersible tablet - FDC;60;672;2466,24;3,67;0,06;Cipla, Goa, India;Yes;49;221,96;3,46
74732;Sudan;PMO - US;Direct Drop;EXW;Air;0;No;HRDT;HIV test;Orgenics, Ltd;HIV 1/2, Determine Complete HIV Kit, 100 Tests;HIV 1/2, Determine Complete HIV Kit;Determine;N/A;Test kit;100;115;10235,00;89,00;0,89;Alere Medical Co., Ltd.;Yes;53;1614,83;16,89
40584;South Africa;PMO - US;Direct Drop;DDP;Ocean;1;Yes;ARV;Adult;Aurobindo Pharma Limited;Zidovudine 300mg, tablets, 60 Tabs;Zidovudine;Generic;300mg;Tablet;60;7548;55100,40;7,30;0,12;Aurobindo Unit III, India;Yes;391;659,58;90,92
45160;South Sudan;PMO - US;Direct Drop;EXW;Air;0;No;HRDT;HIV test;Trinity Biotech, Plc;HIV 1/2, Uni-Gold HIV Kit, 20 Tests;HIV 1/2, Uni-Gold HIV Kit;Uni-Gold;N/A;Test kit;20;176;5632,00;32,00;1,60;Trinity Biotech, Plc;Yes;71;1743,35;7,90
16213;Burundi;PMO - US;Direct Drop;EXW;Air;0;No;HRDT;HIV test;CHEMBIO DIAGNOSTIC SYSTEMS, INC.;HIV 1/2, Stat-Pak Dipstick Assay Kit, 30 Tests;HIV 1/2, Stat-Pak Dipstick Assay Kit;Stat-Pak;N/A;Test kit;30;414;11426,40;27,60;0,92;Chembio Diagnostics Sys. Inc.;Yes;44;694,10;11,75
46129;Mozambique;PMO - US;Direct Drop;EXW;Air;0;No;HRDT;HIV test;Orgenics, Ltd;HIV 1/2, Determine Complete HIV Kit, 100 Tests;HIV 1/2, Determine Complete HIV Kit;Determine;N/A;Test kit;100;61;4739,70;77,70;0,78;Inverness Japan;Yes;28;1001,47;7,82
63998;Cameroon;PMO - US;Direct Drop;EXW;Air;0;No;HRDT;HIV test;Orgenics, Ltd;HIV 1/2, Determine Complete HIV Kit, 100 Tests;HIV 1/2, Determine Complete HIV Kit;Determine;N/A;Test kit;100;120;9600,00;80,00;0,80;Alere Medical Co., Ltd.;Yes;55;846,69;9,87
64004;Haiti;PMO - US;Direct Drop;EXW;Air;0;No;HRDT;HIV test;SHANGHAI KEHUA BIOENGINEERING CO.,LTD.  (KHB);HIV 1/2, SKB Colloidal Gold, Diagnostic Kit, Antibody, 50 Tests;HIV 1/2, Colloidal Gold, Diagnostic Kit, Antibody;Colloidal Gold;N/A;Test kit;1;360;8280,00;23,00;23,00;KHB Test Kit Facility, Shanghai China;Yes;261;3135,97;17,85
10086;Ethiopia;PMO - US;Direct Drop;EXW;Air;0;No;HRDT;HIV test;CHEMBIO DIAGNOSTIC SYSTEMS, INC.;HIV 1/2, Stat-Pak HIV, Kit, 20 Tests;HIV 1/2, Stat-Pak HIV, Kit;Stat-Pak;N/A;Test kit;20;3711;100197,00;27,00;1,35;Chembio Diagnostics Sys. Inc.;Yes;1341;6112,63;196,39
19630;Vietnam;PMO - US;Direct Drop;EXW;Air;0;No;ARV;Pediatric;Aurobindo Pharma Limited;Lamivudine 10mg/ml, oral solution w/syringe, Bottle, 240 ml;Lamivudine;Generic;10mg/ml;Oral solution;240;136;251,60;1,85;0,01;Aurobindo Unit III, India;Yes;173;1079,39;0,31
13016;Burundi;PMO - US;Direct Drop;EXW;Air;0;No;HRDT;HIV test;CHEMBIO DIAGNOSTIC SYSTEMS, INC.;HIV 1/2, Stat-Pak Dipstick Assay Kit, 30 Tests;HIV 1/2, Stat-Pak Dipstick Assay Kit;Stat-Pak;N/A;Test kit;30;305;7777,50;25,50;0,85;Chembio Diagnostics Sys. Inc.;Yes;34;836,80;10,90
6519;Botswana;PMO - US;Direct Drop;EXW;Air;0;No;HRDT;HIV test;Orgenics, Ltd;HIV 1/2, Determine HIV Kit, without Lancets, 100 Tests;HIV 1/2, Determine HIV Kit, without Lancets;Determine;N/A;Test kit;100;1200;84000,00;70,00;0,70;Inverness Japan;Yes;274;3321,08;164,64
24386;Nigeria;PMO - US;Direct Drop;EXW;Air;0;No;ARV;Adult;HETERO LABS LIMITED;Lamivudine/Zidovudine 150/300mg, tablets, 60 Tabs;Lamivudine/Zidovudine;Generic;150/300mg;Tablet - FDC;60;58462;385849,20;6,60;0,11;Hetero Unit III Hyderabad IN;Yes;6093;42199,11;454,14
27942;Angola;PMO - US;Direct Drop;FCA;Air;0;No;ARV;Pediatric;ABBVIE LOGISTICS (FORMERLY ABBOTT LOGISTICS BV);Lopinavir/Ritonavir 80/20mg/ml [Kaletra], oral solution, cool, Bottle 5 x 60 ml;Lopinavir/Ritonavir;Kaletra;80/20mg/ml;Oral solution;300;480;14793,60;30,82;0,10;ABBVIE (Abbott) Logis. UK;Yes;492;4281,43;18,30
21568;Cªte d'Ivoire;PMO - US;Direct Drop;EXW;Air;0;No;HRDT;HIV test;Standard Diagnostics, Inc.;HIV 1/2, Bioline 3.0 Kit, Lancets, Capillary pipets, Alcohol swabs included, 25 Tests;HIV 1/2, Bioline 3.0 Kit, Lancets, Capillary pipets, Alcohol swabs included;Bioline;N/A;Test kit;25;1209;24180,00;20,00;0,80;Standard Diagnostics, Korea;Yes;403;5639,42;39,90
24276;Zimbabwe;PMO - US;Direct Drop;EXW;Air;0;No;HRDT;HIV test;Orgenics, Ltd;HIV 1/2, Determine Complete HIV Kit, 100 Tests;HIV 1/2, Determine Complete HIV Kit;Determine;N/A;Test kit;100;7233;578640,00;80,00;0,80;Alere Medical Co., Ltd.;Yes;2933;42028,45;594,84
78290;Cªte d'Ivoire;PMO - US;Direct Drop;EXW;Air;0;No;HRDT;HIV test;Orgenics, Ltd;HIV 1/2, Determine Complete HIV Kit, 100 Tests;HIV 1/2, Determine Complete HIV Kit;Determine;N/A;Test kit;100;3100;248000,00;80,00;0,80;Alere Medical Co., Ltd.;Yes;1473;29742,64;347,70
2171;Nigeria;PMO - US;Direct Drop;EXW;Air;0;No;HRDT;HIV test;Orgenics, Ltd;HIV 1/2, Determine Complete HIV Kit, 100 Tests;HIV 1/2, Determine Complete HIV Kit;Determine;N/A;Test kit;100;5751;460080,00;80,00;0,80;Inverness Japan;Yes;1723;22451,67;901,76
3154;Botswana;PMO - US;Direct Drop;EXW;Air;0;No;HRDT;HIV test;Orgenics, Ltd;HIV 1/2, Determine HIV Kit, without Lancets, 100 Tests;HIV 1/2, Determine HIV Kit, without Lancets;Determine;N/A;Test kit;100;100;7199,00;71,99;0,72;Inverness Japan;Yes;25;1038,39;11,52
49063;Nigeria;PMO - US;Direct Drop;EXW;Air;0;No;HRDT;HIV test;Orgenics, Ltd;HIV 1/2, Determine Complete HIV Kit, 100 Tests;HIV 1/2, Determine Complete HIV Kit;Determine;N/A;Test kit;100;3073;273497,00;89,00;0,89;Alere Medical Co., Ltd.;Yes;1248;20602,30;338,32
19647;South Africa;PMO - US;Direct Drop;DDP;Ocean;0;No;ARV;Pediatric;GLAXOSMITHKLINE EXPORT LIMITED;Abacavir 20mg/ml [Ziagen], oral solution, Bottle, 240 ml;Abacavir;Ziagen;20mg/ml;Oral solution;240;20000;185600,00;9,28;0,04;GSK Mississauga (Canada);Yes;7664;17022,13;306,24
47923;Zimbabwe;PMO - US;Direct Drop;EXW;Air;0;No;HRDT;HIV test;Orgenics, Ltd;HIV 1/2, Determine Complete HIV Kit, 100 Tests;HIV 1/2, Determine Complete HIV Kit;Determine;N/A;Test kit;100;1000;72000,00;72,00;0,72;Inverness Japan;Yes;324;3791,81;141,12
9628;Guyana;PMO - US;Direct Drop;EXW;Air;0;No;HRDT;HIV test;Orgenics, Ltd;HIV 1/2, Determine HIV Kit, without Lancets, 100 Tests;HIV 1/2, Determine HIV Kit, without Lancets;Determine;N/A;Test kit;100;240;17277,60;71,99;0,72;Inverness Japan;Yes;55;1442,92;27,64
14710;Haiti;PMO - US;Direct Drop;EXW;Air;0;No;ARV;Adult;MICRO LABS LIMITED;Efavirenz 600mg, tablets, 30 Tabs;Efavirenz;Generic;600mg;Tablet;30;29908;89125,84;2,98;0,10;Micro labs, Verna, Goa, India;Yes;2423;14650,41;91,62
69354;South Africa;PMO - US;Direct Drop;DDP;Air;0;No;ARV;Adult;Aurobindo Pharma Limited;Lamivudine 150mg, tablets, 60 Tabs;Lamivudine;Generic;150mg;Tablet;60;66660;168649,80;2,53;0,04;Aurobindo Unit III, India;Yes;3211;4116,81;363,61
79648;Haiti;PMO - US;Direct Drop;EXW;Air;0;No;HRDT;HIV test;Orgenics, Ltd;HIV 1/2, Determine Complete HIV Kit, 100 Tests;HIV 1/2, Determine Complete HIV Kit;Determine;N/A;Test kit;100;4000;400000,00;100,00;1,00;Alere Medical Co., Ltd.;Yes;1623;15230,88;411,20
68481;Cªte d'Ivoire;PMO - US;Direct Drop;EXW;Air;0;No;HRDT;HIV test;Orgenics, Ltd;HIV 1/2, Determine Complete HIV Kit, 100 Tests;HIV 1/2, Determine Complete HIV Kit;Determine;N/A;Test kit;100;601;48080,00;80,00;0,80;Alere Medical Co., Ltd.;Yes;264;36428,24;59,47
15195;Guyana;PMO - US;Direct Drop;DDU;Air;0;No;ARV;Pediatric;IDIS LIMITED;Didanosine 25mg [Videx], chewable tablets, 60 Tabs;Didanosine;Videx;25mg;Chewable/dispersible tablet;60;270;12501,00;46,30;0,77;BMS Meymac, France;Yes;59;180,00;26,95
74343;Ethiopia;PMO - US;Direct Drop;EXW;Air;0;No;HRDT;HIV test;Trinity Biotech, Plc;HIV 1/2, Uni-Gold HIV Kit, 20 Tests;HIV 1/2, Uni-Gold HIV Kit;Uni-Gold;N/A;Test kit;20;540;17280,00;32,00;1,60;Trinity Biotech, Plc;Yes;165;1442,44;17,76
40620;Mozambique;PMO - US;Direct Drop;EXW;Air;1;Yes;HRDT;HIV test;Orgenics, Ltd;HIV 1/2, Determine HIV Kit, without Lancets, 100 Tests;HIV 1/2, Determine HIV Kit, without Lancets;Determine;N/A;Test kit;100;2591;201320,70;77,70;0,78;Inverness Japan;Yes;994;12838,85;332,18
2503;Kenya;PMO - US;Direct Drop;EXW;Air;0;No;HRDT;HIV test;Trinity Biotech, Plc;HIV 1/2, Uni-Gold HIV Kit, 20 Tests;HIV 1/2, Uni-Gold HIV Kit;Uni-Gold;N/A;Test kit;20;4995;159840,00;32,00;1,60;Trinity Biotech, Plc;Yes;4995;275,00;313,29
30159;Uganda;PMO - US;Direct Drop;EXW;Air;0;No;HRDT;HIV test;Orgenics, Ltd;HIV 1/2, Determine Complete HIV Kit, 100 Tests;HIV 1/2, Determine Complete HIV Kit;Determine;N/A;Test kit;100;2845;227600,00;80,00;0,80;Alere Medical Co., Ltd.;Yes;1239;16337,03;281,54
35067;Nigeria;PMO - US;Direct Drop;EXW;Air;0;No;HRDT;HIV test;Orgenics, Ltd;HIV 1/2, Determine Complete HIV Kit, 100 Tests;HIV 1/2, Determine Complete HIV Kit;Determine;N/A;Test kit;100;2744;244216,00;89,00;0,89;Alere Medical Co., Ltd.;Yes;1186;24927,19;342,39
8893;Vietnam;PMO - US;Direct Drop;EXW;Air;0;No;ARV;Adult;CIPLA LIMITED;Lamivudine/Nevirapine/Stavudine 150/200/30mg, tablets, 60 Tabs;Lamivudine/Nevirapine/Stavudine;Generic;150/200/30mg;Tablet - FDC;60;24480;168912,00;6,90;0,12;Cipla, Goa, India;Yes;2165;4443,97;331,07
5894;Vietnam;PMO - US;Direct Drop;EXW;Air;0;No;ARV;Adult;Aurobindo Pharma Limited;Lamivudine 150mg, tablets, 60 Tabs;Lamivudine;Generic;150mg;Tablet;60;15960;38304,00;2,40;0,04;Aurobindo Unit III, India;Yes;755;6609,02;61,29
9000;Haiti;PMO - US;Direct Drop;EXW;Air;0;No;ARV;Adult;MYLAN LABORATORIES LTD (FORMERLY MATRIX LABORATORIES);Tenofovir Disoproxil Fumarate 300mg, tablets, 30 Tabs;Tenofovir Disoproxil Fumarate;Generic;300mg;Tablet;30;560;5040,00;9,00;0,30;Mylan (formerly Matrix) Nashik;Yes;32050;806,55;9,88
21656;Zambia;PMO - US;Direct Drop;EXW;Air;0;No;ARV;Adult;Aurobindo Pharma Limited;Nevirapine 200mg, tablets, 60 Tabs;Nevirapine;Generic;200mg;Tablet;60;42813;96329,25;2,25;0,04;Aurobindo Unit III, India;Yes;4369;22508,32;99,03
15778;Tanzania;PMO - US;Direct Drop;EXW;Air;0;No;HRDT;HIV test;Orgenics, Ltd;HIV 1/2, Determine Complete HIV Kit, 100 Tests;HIV 1/2, Determine Complete HIV Kit;Determine;N/A;Test kit;100;218;17440,00;80,00;0,80;Alere Medical Co., Ltd.;Yes;91;2082,39;21,57
61418;Uganda;PMO - US;Direct Drop;FCA;Air;0;No;ARV;Adult;ABBVIE LOGISTICS (FORMERLY ABBOTT LOGISTICS BV);Ritonavir 100mg [Norvir], film coated tablets, 60 Tabs;Ritonavir;Norvir;100mg;Tablet;60;625;4281,25;6,85;0,11;ABBVIE Ludwigshafen Germany;Yes;86;86,00;6,00
41062;Congo, DRC;PMO - US;Direct Drop;FCA;Air;0;No;ARV;Pediatric;ABBVIE LOGISTICS (FORMERLY ABBOTT LOGISTICS BV);Lopinavir/Ritonavir 100/25mg [Aluvia], tablets, 60 Tabs;Lopinavir/Ritonavir;Generic;100/25mg;Tablet;60;304;1805,76;5,94;0,10;ABBVIE Ludwigshafen Germany;Yes;43;453,31;2,23
48773;Nigeria;PMO - US;Direct Drop;EXW;Air;0;No;HRDT;HIV test;Orgenics, Ltd;HIV 1/2, Determine Complete HIV Kit, 100 Tests;HIV 1/2, Determine Complete HIV Kit;Determine;N/A;Test kit;100;9935;884215,00;89,00;0,89;Alere Medical Co., Ltd.;Yes;4038;59711,34;908,97
26093;Rwanda;PMO - US;Direct Drop;EXW;Air;0;No;ARV;Adult;Aurobindo Pharma Limited;Nevirapine 200mg, tablets, 60 Tabs;Nevirapine;Generic;200mg;Tablet;60;57364;129069,00;2,25;0,04;Aurobindo Unit III, India;Yes;5468;48501,50;180,95
16766;Rwanda;PMO - US;Direct Drop;CIP;Air;0;No;ARV;Adult;HETERO LABS LIMITED;Nevirapine 200mg, tablets, 60 Tabs;Nevirapine;Generic;200mg;Tablet;60;29925;92468,25;3,09;0,05;Hetero Unit III Hyderabad IN;Yes;1041;730,82;181,24
2708;Vietnam;PMO - US;Direct Drop;EXW;Air;0;No;ARV;Adult;CIPLA LIMITED;Lamivudine/Nevirapine/Stavudine 150/200/30mg, tablets, 60 Tabs;Lamivudine/Nevirapine/Stavudine;Generic;150/200/30mg;Tablet - FDC;60;25000;187500,00;7,50;0,12;Cipla, Goa, India;Yes;2336;21150,56;300,00
858;Tanzania;PMO - US;Direct Drop;CIP;Air;0;No;ARV;Adult;MERCK SHARP & DOHME IDEA GMBH (FORMALLY MERCK SHARP & DOHME B.V.);Efavirenz/Emtricitabine/Tenofovir Disoproxil Fumarate 600/200/300mg [Atripla], tablets, 30 Tabs;Efavirenz/Emtricitabine/Tenofovir Disoproxil Fumarate;Atripla;600/200/300mg;Tablet - FDC;30;50000;2520000,00;50,40;1,68;MSD, Haarlem, NL;Yes;4093;9339,00;4939,20
36810;Kenya;PMO - US;Direct Drop;EXW;Air;0;No;HRDT;HIV test;Orgenics, Ltd;HIV 1/2, Determine Complete HIV Kit, 100 Tests;HIV 1/2, Determine Complete HIV Kit;Determine;N/A;Test kit;100;6959;619351,00;89,00;0,89;Alere Medical Co., Ltd.;Yes;1198;13543,63;1021,93
37835;Rwanda;PMO - US;Direct Drop;EXW;Air;0;No;HRDT;HIV test;SHANGHAI KEHUA BIOENGINEERING CO.,LTD.  (KHB);HIV 1/2, SKB Colloidal Gold, Diagnostic Kit, Antibody, 50 Tests;HIV 1/2, Colloidal Gold, Diagnostic Kit, Antibody;Colloidal Gold;N/A;Test kit;1;28000;686000,00;24,50;24,50;KHB Test Kit Facility, Shanghai China;Yes;18667;289653,20;848,58
23173;Haiti;PMO - US;Direct Drop;EXW;Ocean;0;No;ARV;Adult;MYLAN LABORATORIES LTD (FORMERLY MATRIX LABORATORIES);Lamivudine/Zidovudine 150/300mg, tablets, 60 Tabs;Lamivudine/Zidovudine;Generic;150/300mg;Tablet - FDC;60;75816;492045,84;6,49;0,11;Mylan (formerly Matrix) Nashik;Yes;6452;10477,63;505,82
43425;Kenya;PMO - US;Direct Drop;EXW;Air;1;Yes;HRDT;HIV test;Orgenics, Ltd;HIV 1/2, Determine Complete HIV Kit, 100 Tests;HIV 1/2, Determine Complete HIV Kit;Determine;N/A;Test kit;100;7110;568800,00;80,00;0,80;Inverness Japan;Yes;1224;11847,25;1226,33
61271;Uganda;PMO - US;Direct Drop;EXW;Air;1;Yes;ARV;Pediatric;Aurobindo Pharma Limited;Nevirapine 10mg/ml, oral suspension w/syringe, Bottle, 100 ml;Nevirapine;Generic;10mg/ml;Oral suspension;100;11036;14346,80;1,30;0,01;Aurobindo Unit III, India;Yes;2385;10898,12;17,75
48120;Vietnam;PMO - US;Direct Drop;EXW;Air;0;No;ARV;Adult;STRIDES ARCOLAB LIMITED;Lamivudine 150mg, tablets, 60 Tabs;Lamivudine;Generic;150mg;Tablet;60;2400;5640,00;2,35;0,04;Strides, Bangalore, India.;Yes;726;7388,14;12,16
51340;Haiti;PMO - US;Direct Drop;EXW;Air;0;No;ARV;Pediatric;STRIDES ARCOLAB LIMITED;Lamivudine/Nevirapine/Zidovudine 30/50/60mg, dispersible tablets, 60 Tabs;Lamivudine/Nevirapine/Zidovudine;Generic;30/50/60mg;Chewable/dispersible tablet - FDC;60;4095;16380,00;4,00;0,07;Strides, Bangalore, India.;Yes;176;3456,02;20,26
10246;Vietnam;PMO - US;Direct Drop;EXW;Air;0;No;ARV;Adult;Aurobindo Pharma Limited;Lamivudine/Zidovudine 150/300mg, tablets, 60 Tabs;Lamivudine/Zidovudine;Generic;150/300mg;Tablet - FDC;60;1176;10125,36;8,61;0,14;Aurobindo Unit III, India;Yes;105;865,60;19,85
79232;Rwanda;PMO - US;Direct Drop;CIP;Air;0;No;ARV;Adult;MYLAN LABORATORIES LTD (FORMERLY MATRIX LABORATORIES);Lamivudine/Tenofovir Disoproxil Fumarate 300/300mg, tablets, 30 Tabs;Lamivudine/Tenofovir Disoproxil Fumarate;Generic;300/300mg;Tablet - FDC;30;72091;789396,45;10,95;0,36;Mylan (formerly Matrix) Nashik;Yes;6842;73790,43;1547,22
75522;Vietnam;PMO - US;Direct Drop;EXW;Air;0;No;ARV;Adult;HETERO LABS LIMITED;Efavirenz 600mg, tablets, 30 Tabs;Efavirenz;Generic;600mg;Tablet;30;11517;37315,08;3,24;0,11;Hetero Unit III Hyderabad IN;Yes;1006;3001,35;46,16
73996;Cªte d'Ivoire;PMO - US;Direct Drop;EXW;Air;0;No;ARV;Adult;MYLAN LABORATORIES LTD (FORMERLY MATRIX LABORATORIES);Atazanavir/Ritonavir 300/100mg, tablets, 30 Tabs;Atazanavir/Ritonavir;Generic;300/100mg;Tablet;30;4500;90000,00;20,00;0,67;Mylan (formerly Matrix) Nashik;Yes;608;4568,92;111,33
14195;Benin;PMO - US;Direct Drop;EXW;Air;0;No;ARV;Adult;MYLAN LABORATORIES LTD (FORMERLY MATRIX LABORATORIES);Efavirenz/Lamivudine/Tenofovir Disoproxil Fumarate 600/300/300mg, tablets, 30 Tabs;Efavirenz/Lamivudine/Tenofovir Disoproxil Fumarate;Generic;600/300/300mg;Tablet - FDC;30;1244;17540,40;14,10;0,47;Mylan (formerly Matrix) Nashik;Yes;175;5864,56;28,94
9530;Haiti;PMO - US;Direct Drop;EXW;Air;0;No;HRDT;HIV test;Trinity Biotech, Plc;HIV 1/2, Capillus HIV Kit, 100 Tests;HIV 1/2, Capillus HIV Kit;Capillus;N/A;Test kit;100;3;417,00;139,00;1,39;Trinity Biotech, Plc;Yes;2;1800,33;0,82
28532;Mozambique;PMO - US;Direct Drop;EXW;Air;0;No;HRDT;HIV test;Orgenics, Ltd;HIV 1/2, Determine HIV Kit, without Lancets, 100 Tests;HIV 1/2, Determine HIV Kit, without Lancets;Determine;N/A;Test kit;100;2769;215151,30;77,70;0,78;Inverness Japan;Yes;628;7580,09;355,00
77772;Uganda;PMO - US;Direct Drop;FCA;Air;0;No;ARV;Adult;ABBVIE LOGISTICS (FORMERLY ABBOTT LOGISTICS BV);Lopinavir/Ritonavir 200/50mg [Aluvia], tablets, 120 Tabs;Lopinavir/Ritonavir;Aluvia;200/50mg;Tablet;120;160;5785,60;36,16;0,30;ABBVIE Ludwigshafen Germany;Yes;47;1238,94;12,47
79646;Tanzania;PMO - US;Direct Drop;EXW;Air;0;No;ARV;Adult;MYLAN LABORATORIES LTD (FORMERLY MATRIX LABORATORIES);Atazanavir/Ritonavir 300/100mg, tablets, 30 Tabs;Atazanavir/Ritonavir;Generic;300/100mg;Tablet;30;12830;288675,00;22,50;0,75;Mylan (formerly Matrix) Nashik;Yes;1710;8344,86;357,09
57541;Mozambique;PMO - US;Direct Drop;FCA;Air;0;No;ARV;Adult;Hoffmann-La Roche ltd Basel;Saquinavir 200mg [Invirase], capsules, 270 Caps;Saquinavir;Invirase;200mg;Capsule;270;461;47723,35;103,52;0,38;Roche Basel;Yes;238;2556,61;78,74
35790;Uganda;PMO - US;Direct Drop;EXW;Air;0;No;ARV;Adult;CIPLA LIMITED;Lamivudine/Nevirapine/Zidovudine 150/200/300mg, tablets, 60 Tabs;Lamivudine/Nevirapine/Zidovudine;Generic;150/300/200mg;Tablet - FDC;60;114996;931467,60;8,10;0,13;Cipla, Goa, India;Yes;15435;56180,34;1152,23
76833;Tanzania;PMO - US;Direct Drop;EXW;Air;0;No;HRDT;HIV test;Orgenics, Ltd;HIV 1/2, Determine Complete HIV Kit, 100 Tests;HIV 1/2, Determine Complete HIV Kit;Determine;N/A;Test kit;100;2072;165760,00;80,00;0,80;Alere Medical Co., Ltd.;Yes;989;17512,52;232,40
535;Tanzania;PMO - US;Direct Drop;CIP;Air;0;No;ARV;Adult;BRISTOL-MYERS SQUIBB;Didanosine EC 400mg [Videx EC], delayed-release capsules, Blister 3 x 10 Caps;Didanosine EC;Videx EC;400mg;Delayed-release capsules - blister;30;2597;61470,99;23,67;0,79;BMS Meymac, France;Yes;117;645,10;98,35
39895;Rwanda;PMO - US;Direct Drop;EXW;Air;0;No;HRDT;HIV test;SHANGHAI KEHUA BIOENGINEERING CO.,LTD.  (KHB);HIV 1/2, SKB Colloidal Gold, Diagnostic Kit, Antibody, 50 Tests;HIV 1/2, Colloidal Gold, Diagnostic Kit, Antibody;Colloidal Gold;N/A;Test kit;1;4014;98343,00;24,50;24,50;KHB Test Kit Facility, Shanghai China;Yes;2676;35281,73;101,10
80872;Cªte d'Ivoire;PMO - US;Direct Drop;EXW;Air;0;No;HRDT;HIV test;Standard Diagnostics, Inc.;HIV 1/2, Bioline 3.0 Kit, Lancets, Capillary pipets, Alcohol swabs included, 25 Tests;HIV 1/2, Bioline 3.0 Kit, Lancets, Capillary pipets, Alcohol swabs included;Bioline;N/A;Test kit;25;1400;28700,00;20,50;0,82;Standard Diagnostics, Korea;Yes;469;5463,16;35,50
37925;South Africa;PMO - US;Direct Drop;DDP;Air;0;No;ARV;Adult;Aurobindo Pharma Limited;Efavirenz 600mg, tablets, 30 Tabs;Efavirenz;Generic;600mg;Tablet;30;25190;117637,30;4,67;0,16;Aurobindo Unit III, India;Yes;2131;5886,90;253,63
39794;Zimbabwe;PMO - US;Direct Drop;EXW;Air;0;No;HRDT;HIV test - Ancillary;Orgenics, Ltd;Chase Buffer, Determine, 100 Tests, 2.5ml x 1 Vial;Chase Buffer, Determine, 100 Tests, 2.5ml x 1 Vial;Determine;N/A;Test kit - Ancillary;1;2000;10000,00;5,00;5,00;Alere Medical Co., Ltd.;Yes;864;14314,83;12,37
25990;South Sudan;PMO - US;Direct Drop;EXW;Air;0;No;HRDT;HIV test - Ancillary;Orgenics, Ltd;Capillary Tubes, for Determine, EDTA, 50uL,100 Pcs;HIV, Capillary Tubes, for Determine, EDTA, 50uL,100 Pcs;Determine;N/A;Test kit - Ancillary;100;640;5120,00;8,00;0,08;Alere Medical Co., Ltd.;Yes;331;7539,52;7,18
53775;Zambia;PMO - US;Direct Drop;EXW;Air;0;No;HRDT;HIV test;Orgenics, Ltd;HIV 1/2, Determine Complete HIV Kit, 100 Tests;HIV 1/2, Determine Complete HIV Kit;Determine;N/A;Test kit;100;2884;230720,00;80,00;0,80;Alere Medical Co., Ltd.;Yes;1374;25052,44;380,69
15670;Cameroon;PMO - US;Direct Drop;EXW;Air;1;Yes;ARV;Adult;Aurobindo Pharma Limited;Nevirapine 200mg, tablets, 60 Tabs;Nevirapine;Generic;200mg;Tablet;60;34595;77838,75;2,25;0,04;Aurobindo Unit III, India;Yes;3642;31434,31;96,29
63409;Ethiopia;PMO - US;Direct Drop;EXW;Air;0;No;HRDT;HIV test;SHANGHAI KEHUA BIOENGINEERING CO.,LTD.  (KHB);HIV 1/2, SKB Colloidal Gold, Diagnostic Kit, Antibody, 50 Tests;HIV 1/2, Colloidal Gold, Diagnostic Kit, Antibody;Colloidal Gold;N/A;Test kit;1;4000;98000,00;24,50;24,50;KHB Test Kit Facility, Shanghai China;Yes;2764;40716,16;115,35
26558;Nigeria;PMO - US;Direct Drop;EXW;Air;0;No;ANTM;Malaria;IDA FOUNDATION;Sulfadoxine/Pyrimethamine 500/25mg, tablets, Blister 10 x 3 Tabs;Sulfadoxine/Pyrimethamine;Generic;500/25mg;Tablet - FDC + blister;30;300;330,00;1,10;0,04;Remedica, Limassol, Cyprus;Yes;13;365,48;0,54
45723;South Sudan;PMO - US;Direct Drop;EXW;Air;0;No;HRDT;HIV test - Ancillary;Orgenics, Ltd;Capillary Tubes, for Determine, EDTA, 50uL,100 Pcs;HIV, Capillary Tubes, for Determine, EDTA, 50uL,100 Pcs;Determine;N/A;Test kit - Ancillary;100;115;920,00;8,00;0,08;Alere Medical Co., Ltd.;Yes;149;3256,76;1,14
63939;Cªte d'Ivoire;PMO - US;Direct Drop;EXW;Air;0;No;HRDT;HIV test;CHEMBIO DIAGNOSTIC SYSTEMS, INC.;HIV 1/2, Stat-Pak HIV, Kit, 20 Tests;HIV 1/2, Stat-Pak HIV, Kit;Stat-Pak;N/A;Test kit;20;167;4843,00;29,00;1,45;Chembio Diagnostics Sys. Inc.;Yes;50;1128,74;7,99
54465;Mozambique;PMO - US;Direct Drop;EXW;Air;0;No;HRDT;HIV test;Orgenics, Ltd;HIV 1/2, Determine Complete HIV Kit, 100 Tests;HIV 1/2, Determine Complete HIV Kit;Determine;N/A;Test kit;100;2928;234240,00;80,00;0,80;Alere Medical Co., Ltd.;Yes;1325;13303,36;289,75
40580;Cameroon;PMO - US;Direct Drop;EXW;Air;0;No;HRDT;HIV test;Orgenics, Ltd;HIV 1/2, Determine Complete HIV Kit, 100 Tests;HIV 1/2, Determine Complete HIV Kit;Determine;N/A;Test kit;100;5000;400000,00;80,00;0,80;Alere Medical Co., Ltd.;Yes;2268;37942,89;494,80
31917;Zimbabwe;PMO - US;Direct Drop;CIP;Air;0;No;ARV;Pediatric;MYLAN LABORATORIES LTD (FORMERLY MATRIX LABORATORIES);Lamivudine/Nevirapine/Zidovudine 30/50/60mg, dispersible tablets, 60 Tabs;Lamivudine/Nevirapine/Zidovudine;Generic;30/50/60mg;Chewable/dispersible tablet - FDC;60;164950;593820,00;3,60;0,06;Mylan (formerly Matrix) Nashik;Yes;9210;7510,00;610,45
4854;Guyana;PMO - US;Direct Drop;EXW;Air;0;No;HRDT;HIV test;Orgenics, Ltd;HIV 1/2, Determine Complete HIV Kit, 100 Tests;HIV 1/2, Determine Complete HIV Kit;Determine;N/A;Test kit;100;351;25272,00;72,00;0,72;Inverness Japan;Yes;60;1097,78;49,53
24620;Cªte d'Ivoire;PMO - US;Direct Drop;CIP;Air;0;No;ARV;Pediatric;MERCK SHARP & DOHME IDEA GMBH (FORMALLY MERCK SHARP & DOHME B.V.);Efavirenz 30mg/ml [Stocrin/Sustiva], oral solution, Bottle, 180 ml;Efavirenz;Stocrin/Sustiva;30mg/ml;Oral solution;180;2737;46419,52;16,96;0,09;MSD, Haarlem, NL;Yes;805;1659,71;100,08
50345;Swaziland;PMO - US;Direct Drop;EXW;Air;0;No;ARV;Adult;Aurobindo Pharma Limited;Lamivudine/Zidovudine+Efavirenz 150/300mg+600mg, tablets, co-blister 60+30 Tabs;Lamivudine/Zidovudine+Efavirenz;Generic;150/300mg+600mg;Tablet - FDC + co-blister;90;20000;272000,00;13,60;0,15;Aurobindo Unit III, India;Yes;3295;17214,74;448,80
74268;Namibia;PMO - US;Direct Drop;EXW;Air;0;No;HRDT;HIV test;Orgenics, Ltd;HIV 1/2, Determine HIV Kit, without Lancets, 100 Tests;HIV 1/2, Determine HIV Kit, without Lancets;Determine;N/A;Test kit;100;200;14000,00;70,00;0,70;Inverness Japan;Yes;45;10486,42;30,18
46355;Haiti;PMO - US;Direct Drop;EXW;Air;0;No;ARV;Adult;MYLAN LABORATORIES LTD (FORMERLY MATRIX LABORATORIES);Tenofovir Disoproxil Fumarate 300mg, tablets, 30 Tabs;Tenofovir Disoproxil Fumarate;Generic;300mg;Tablet;30;58;232,00;4,00;0,13;Mylan (formerly Matrix) Nashik;Yes;19;1274,35;0,24
75729;Nigeria;PMO - US;Direct Drop;EXW;Air;0;No;HRDT;HIV test;Orgenics, Ltd;HIV 1/2, Determine Complete HIV Kit, 100 Tests;HIV 1/2, Determine Complete HIV Kit;Determine;N/A;Test kit;100;2891;257299,00;89,00;0,89;Inverness Japan;Yes;1378;31201,82;424,54
56106;Tanzania;PMO - US;Direct Drop;EXW;Air;0;No;HRDT;HIV test;Orgenics, Ltd;HIV 1/2, Determine Complete HIV Kit, 100 Tests;HIV 1/2, Determine Complete HIV Kit;Determine;N/A;Test kit;100;2737;218960,00;80,00;0,80;Alere Medical Co., Ltd.;Yes;1300;23269,06;306,98
38431;Dominican Republic;PMO - US;Direct Drop;EXW;Air;0;No;HRDT;HIV test;Orgenics, Ltd;HIV 1/2, Determine Complete HIV Kit, 100 Tests;HIV 1/2, Determine Complete HIV Kit;Determine;N/A;Test kit;100;2400;230400,00;96,00;0,96;Alere Medical Co., Ltd.;Yes;978;10159,15;236,85
13106;Vietnam;PMO - US;Direct Drop;EXW;Air;0;No;ARV;Adult;HETERO LABS LIMITED;Tenofovir Disoproxil Fumarate 300mg, tablets, 30 Tabs;Tenofovir Disoproxil Fumarate;Generic;300mg;Tablet;30;16000;56800,00;3,55;0,12;Hetero Unit III Hyderabad IN;Yes;1948;3138,25;58,39
17944;South Africa;PMO - US;Direct Drop;DDP;Air;1;Yes;ARV;Adult;CIPLA LIMITED;Tenofovir Disoproxil Fumarate 300mg, tablets, 30 Tabs;Tenofovir Disoproxil Fumarate;Generic;300mg;Tablet;30;47625;372427,50;7,82;0,26;Cipla, Goa, India;Yes;3243;1881,24;802,95
39615;Mali;PMO - US;Direct Drop;EXW;Air;0;No;HRDT;HIV test;Orgenics, Ltd;HIV 1/2, ImmunoComb TriSpot Ag - Ab Kit, 36 Tests;HIV 1/2, ImmunoComb TriSpot Ag - Ab Kit;ImmunoComb;N/A;Test kit;36;65;8125,00;125,00;3,47;Alere Medical Co., Ltd.;Yes;24;1059,59;8,35
9487;Rwanda;PMO - US;Direct Drop;EXW;Air;0;No;HRDT;HIV test;Trinity Biotech, Plc;HIV 1/2, Capillus HIV Kit, 100 Tests;HIV 1/2, Capillus HIV Kit;Capillus;N/A;Test kit;100;463;64357,00;139,00;1,39;Trinity Biotech, Plc;Yes;450;4360,83;102,97
79597;Nigeria;PMO - US;Direct Drop;EXW;Air;1;Yes;HRDT;HIV test;Orgenics, Ltd;HIV 1/2, Determine Complete HIV Kit, 100 Tests;HIV 1/2, Determine Complete HIV Kit;Determine;N/A;Test kit;100;5905;525545,00;89,00;0,89;Alere Medical Co., Ltd.;Yes;2402;35747,28;540,26
74517;Zimbabwe;PMO - US;Direct Drop;FCA;Air;0;No;ARV;Pediatric;ABBVIE LOGISTICS (FORMERLY ABBOTT LOGISTICS BV);Lopinavir/Ritonavir 80/20mg/ml [Kaletra], oral solution, cool, Bottle 5 x 60 ml;Lopinavir/Ritonavir;Kaletra;80/20mg/ml;Oral solution;300;2625;80902,50;30,82;0,10;ABBVIE (Abbott) Logis. UK;Yes;2583;20559,39;95,22
50752;Mali;PMO - US;Direct Drop;EXW;Air;0;No;HRDT;HIV test;Orgenics, Ltd;HIV 1/2, Determine Complete HIV Kit, 100 Tests;HIV 1/2, Determine Complete HIV Kit;Determine;N/A;Test kit;100;150;12000,00;80,00;0,80;Alere Medical Co., Ltd.;Yes;66;2572,91;12,34
22160;Haiti;PMO - US;Direct Drop;EXW;Ocean;0;No;ARV;Adult;MYLAN LABORATORIES LTD (FORMERLY MATRIX LABORATORIES);Efavirenz/Lamivudine/Tenofovir Disoproxil Fumarate 600/300/300mg, tablets, 30 Tabs;Efavirenz/Lamivudine/Tenofovir Disoproxil Fumarate;Generic;600/300/300mg;Tablet - FDC;30;46500;499410,00;10,74;0,36;Mylan (formerly Matrix) Nashik;Yes;5342;9195,61;513,39
68138;Tanzania;PMO - US;Direct Drop;EXW;Air;0;No;HRDT;HIV test;Standard Diagnostics, Inc.;HIV 1/2, Bioline 3.0 Kit, Lancets, Capillary pipets, Alcohol swabs included, 25 Tests;HIV 1/2, Bioline 3.0 Kit, Lancets, Capillary pipets, Alcohol swabs included;Bioline;N/A;Test kit;25;10000;200000,00;20,00;0,80;Standard Diagnostics, Korea;Yes;3335;24382,98;330,00
77309;Sudan;PMO - US;Direct Drop;EXW;Air;0;No;HRDT;HIV test;Orgenics, Ltd;HIV 1/2, Determine Complete HIV Kit, 100 Tests;HIV 1/2, Determine Complete HIV Kit;Determine;N/A;Test kit;100;22;1958,00;89,00;0,89;Alere Medical Co., Ltd.;Yes;11;978,41;3,23
73326;South Africa;PMO - US;Direct Drop;DDP;Ocean;0;No;ARV;Pediatric;CIPLA LIMITED;Lamivudine 10mg/ml, oral solution, Bottle, 240 ml;Lamivudine;Generic;10mg/ml;Oral solution;240;50000;103000,00;2,06;0,01;Cipla, Goa, India;Yes;18462;22647,81;169,95
67150;Namibia;PMO - US;Direct Drop;EXW;Air;0;No;HRDT;HIV test;Trinity Biotech, Plc;HIV 1/2, Uni-Gold HIV Kit, 20 Tests;HIV 1/2, Uni-Gold HIV Kit;Uni-Gold;N/A;Test kit;20;500;16000,00;32,00;1,60;Trinity Biotech, Plc;Yes;170;1691,15;34,50
76827;Liberia;PMO - US;Direct Drop;EXW;Air;0;No;HRDT;HIV test;Trinity Biotech, Plc;HIV 1/2, Uni-Gold HIV Kit, 20 Tests;HIV 1/2, Uni-Gold HIV Kit;Uni-Gold;N/A;Test kit;20;50;1600,00;32,00;1,60;Trinity Biotech, Plc;Yes;17;515,11;2,64
81050;Uganda;PMO - US;Direct Drop;EXW;Ocean;0;No;ARV;Adult;STRIDES ARCOLAB LIMITED;Efavirenz 600mg, tablets, 30 Tabs;Efavirenz;Generic;600mg;Tablet;30;63652;203049,88;3,19;0,11;Strides, Bangalore, India.;Yes;3963;12961,76;251,17
56734;South Africa;PMO - US;Direct Drop;DDP;Ocean;0;No;ARV;Adult;Aurobindo Pharma Limited;Abacavir 300mg, tablets, 60 Tabs;Abacavir;Generic;300mg;Tablet;60;23845;356005,85;14,93;0,25;Aurobindo Unit III, India;Yes;2283;3649,67;587,41
52756;Burundi;PMO - US;Direct Drop;EXW;Air;0;No;HRDT;HIV test;SHANGHAI KEHUA BIOENGINEERING CO.,LTD.  (KHB);HIV 1/2, SKB Colloidal Gold, Diagnostic Kit, Antibody, 50 Tests;HIV 1/2, Colloidal Gold, Diagnostic Kit, Antibody;Colloidal Gold;N/A;Test kit;1;23;563,50;24,50;24,50;KHB Test Kit Facility, Shanghai China;Yes;21;1327,60;0,79
39966;Namibia;PMO - US;Direct Drop;EXW;Air;0;No;HRDT;HIV test;Trinity Biotech, Plc;HIV 1/2, Uni-Gold HIV Kit, 20 Tests;HIV 1/2, Uni-Gold HIV Kit;Uni-Gold;N/A;Test kit;20;1400;44800,00;32,00;1,60;Trinity Biotech, Plc;Yes;500;5061,46;96,59
82005;South Africa;PMO - US;Direct Drop;DDP;Ocean;0;No;ARV;Adult;Aurobindo Pharma Limited;Lamivudine 150mg, tablets, 60 Tabs;Lamivudine;Generic;150mg;Tablet;60;130828;316603,76;2,42;0,04;Aurobindo Unit III, India;Yes;6525;10984,82;682,60
30974;Vietnam;PMO - US;Direct Drop;FCA;Air;0;No;ARV;Adult;ABBVIE LOGISTICS (FORMERLY ABBOTT LOGISTICS BV);Ritonavir 100mg [Norvir], film coated tablets, 30 Tabs;Ritonavir;Norvir;100mg;Tablet;30;429;9978,54;23,26;0,78;ABBVIE Ludwigshafen Germany;Yes;43;421,24;12,34
56898;Sudan;PMO - US;Direct Drop;EXW;Air;0;No;HRDT;HIV test;Orgenics, Ltd;HIV 1/2, Determine Complete HIV Kit, 100 Tests;HIV 1/2, Determine Complete HIV Kit;Determine;N/A;Test kit;100;116;10324,00;89,00;0,89;Alere Medical Co., Ltd.;Yes;45;1961,65;17,03
70812;Tanzania;PMO - US;Direct Drop;FCA;Air;0;No;ARV;Pediatric;ABBVIE LOGISTICS (FORMERLY ABBOTT LOGISTICS BV);Lopinavir/Ritonavir 100/25mg [Aluvia], tablets, 60 Tabs;Lopinavir/Ritonavir;Generic;100/25mg;Tablet;60;407;2592,59;6,37;0,11;ABBVIE Ludwigshafen Germany;Yes;68;1264,16;3,63
28240;Zimbabwe;PMO - US;Direct Drop;FCA;Air;0;No;ARV;Pediatric;ABBVIE LOGISTICS (FORMERLY ABBOTT LOGISTICS BV);Lopinavir/Ritonavir 80/20mg/ml [Kaletra], oral solution, cool, Bottle 5 x 60 ml;Lopinavir/Ritonavir;Kaletra;80/20mg/ml;Oral solution;300;2166;78322,56;36,16;0,12;ABBVIE (Abbott) Logis. UK;Yes;2480;18756,25;168,86
71411;Zimbabwe;PMO - US;Direct Drop;EXW;Air;0;No;HRDT;HIV test;Premier Medical Corporation Ltd.;HIV 1/2/O, First Response HIV 1-2.0, v.3.0 Cards Kit, 30 Tests;HIV 1/2/O, First Response HIV 1-2.0, v.3.0 Cards Kit;First Response;N/A;Test kit;30;8000;180000,00;22,50;0,75;Premier Med. Corp Ltd. India;Yes;2460;13380,07;222,66
35913;South Africa;PMO - US;Direct Drop;DDP;Ocean;1;Yes;ARV;Adult;Aurobindo Pharma Limited;Tenofovir Disoproxil Fumarate 300mg, tablets, 30 Tabs;Tenofovir Disoproxil Fumarate;Generic;300mg;Tablet;30;42938;285537,70;6,65;0,22;Aurobindo Unit III, India;Yes;4008;6121,39;471,14
59867;Cªte d'Ivoire;PMO - US;Direct Drop;CIP;Air;0;No;ARV;Pediatric;MERCK SHARP & DOHME IDEA GMBH (FORMALLY MERCK SHARP & DOHME B.V.);Efavirenz 30mg/ml [Stocrin/Sustiva], oral solution, Bottle, 180 ml;Efavirenz;Stocrin/Sustiva;30mg/ml;Oral solution;180;3355;56900,80;16,96;0,09;MSD, Haarlem, NL;Yes;1006;2530,73;111,53
46956;Namibia;PMO - US;Direct Drop;EXW;Air;0;No;HRDT;HIV test;Orgenics, Ltd;HIV 1/2, Determine HIV Kit, without Lancets, 100 Tests;HIV 1/2, Determine HIV Kit, without Lancets;Determine;N/A;Test kit;100;150;11655,00;77,70;0,78;Inverness Japan;Yes;34;947,35;19,23
80114;Zambia;PMO - US;Direct Drop;EXW;Air;0;No;HRDT;HIV test;Trinity Biotech, Plc;HIV 1/2, Uni-Gold HIV Kit, 20 Tests;HIV 1/2, Uni-Gold HIV Kit;Uni-Gold;N/A;Test kit;20;7200;230400,00;32,00;1,60;Trinity Biotech, Plc;Yes;2521;22460,87;496,74
5199;Namibia;PMO - US;Direct Drop;EXW;Air;0;No;HRDT;HIV test;Orgenics, Ltd;HIV 1/2, Clearview Complete Kit, 25 Tests;HIV 1/2, Clearview Complete Kit;Clearview;N/A;Test kit;25;4;300,00;75,00;3,00;Chembio Diagnostics Sys. Inc.;Yes;4;133,25;0,59
13904;Vietnam;PMO - US;Direct Drop;EXW;Air;0;No;ARV;Adult;MYLAN LABORATORIES LTD (FORMERLY MATRIX LABORATORIES);Lamivudine/Zidovudine 150/300mg, tablets, 60 Tabs;Lamivudine/Zidovudine;Generic;150/300mg;Tablet - FDC;60;9800;63602,00;6,49;0,11;Mylan (formerly Matrix) Nashik;Yes;2235;3708,72;65,38
8315;Haiti;PMO - US;Direct Drop;EXW;Air;0;No;HRDT;HIV test;Orasure Technologies Inc.;HIV 1/2, OraQuick Advance HIV Rapid Antibody Kit, 100 Tests;HIV 1/2, OraQuick Advance HIV Rapid Antibody Kit;OraQuick;N/A;Test kit;100;30;10500,00;350,00;3,50;Pacific Biotech, Thailand;Yes;72;2556,61;16,80
39724;South Africa;PMO - US;Direct Drop;DDP;Ocean;1;Yes;ARV;Pediatric;Aurobindo Pharma Limited;Efavirenz 50mg, capsule, 30 Caps;Efavirenz;Generic;50mg;Capsule;30;32080;76671,20;2,39;0,08;Aurobindo Unit III, India;Yes;2666;21695,97;165,30
36464;Vietnam;PMO - US;Direct Drop;EXW;Air;0;No;ARV;Adult;HETERO LABS LIMITED;Efavirenz/Lamivudine/Tenofovir Disoproxil Fumarate 600/300/300mg, tablets, 30 Tabs;Efavirenz/Lamivudine/Tenofovir Disoproxil Fumarate;Generic;600/300/300mg;Tablet - FDC;30;17760;177600,00;10,00;0,33;Hetero Unit III Hyderabad IN;Yes;2523;4761,90;209,04
9916;Nigeria;PMO - US;Direct Drop;EXW;Air;0;No;ACT;ACT;IDA FOUNDATION;Artemether/Lumefantrine 20/120mg [Coartem], scored tablets, Blister 30 x 18 Tabs;Artemether/Lumefantrine;Coartem;20/120mg;Tablet - FDC + blister;540;25;875,00;35,00;0,06;Novartis Pharma AG, Switzerland;Yes;86;1528,06;1,40
24842;Tanzania;PMO - US;Direct Drop;EXW;Air;0;No;HRDT;HIV test;Orgenics, Ltd;HIV 1/2, Determine Complete HIV Kit, 100 Tests;HIV 1/2, Determine Complete HIV Kit;Determine;N/A;Test kit;100;8000;640000,00;80,00;0,80;Alere Medical Co., Ltd.;Yes;3803;64075,10;897,28
56996;Zimbabwe;PMO - US;Direct Drop;EXW;Air;1;Yes;HRDT;HIV test;Orgenics, Ltd;HIV 1/2, Determine Complete HIV Kit, 100 Tests;HIV 1/2, Determine Complete HIV Kit;Determine;N/A;Test kit;100;2450;176400,00;72,00;0,72;Inverness Japan;Yes;1183;21170,30;380,32
66946;Congo, DRC;PMO - US;Direct Drop;EXW;Air;0;No;ARV;Adult;Aurobindo Pharma Limited;Didanosine 250mg, delayed-release capsules, 30 Caps;Didanosine;Generic;250mg;Delayed-release capsules;30;100;758,00;7,58;0,25;Aurobindo Unit III, India;Yes;9;734,66;0,78
65617;Tanzania;PMO - US;Direct Drop;EXW;Air;0;No;ARV;Adult;Aurobindo Pharma Limited;Nevirapine 200mg, tablets, 60 Tabs;Nevirapine;Generic;200mg;Tablet;60;28800;74880,00;2,60;0,04;Aurobindo Unit III, India;Yes;3396;16416,58;161,44
28888;Mali;PMO - US;Direct Drop;EXW;Air;0;No;HRDT;HIV test;Orgenics, Ltd;HIV 1/2, ImmunoComb II BiSpot EIA Kit, 36 Tests;HIV 1/2, ImmunoComb II BiSpot EIA Kit;ImmunoComb;N/A;Test kit;36;58;4930,00;85,00;2,36;Alere Medical Co., Ltd.;Yes;23;1148,65;5,07
44942;Nigeria;PMO - US;Direct Drop;FCA;Air;0;No;ARV;Adult;ABBVIE LOGISTICS (FORMERLY ABBOTT LOGISTICS BV);Ritonavir 100mg [Norvir], capsules, cool, 4 x 84 Caps;Ritonavir;Norvir;100mg;Capsule;336;273;10472,28;38,36;0,11;ABBVIE (Abbott) Logis. UK;Yes;520;3759,22;22,58
73665;South Africa;PMO - US;Direct Drop;DDP;Ocean;0;No;ARV;Adult;Aurobindo Pharma Limited;Lamivudine 150mg, tablets, 60 Tabs;Lamivudine;Generic;150mg;Tablet;60;185748;440222,76;2,37;0,04;Aurobindo Unit III, India;Yes;9374;11372,23;949,12
53108;Rwanda;PMO - US;Direct Drop;EXW;Air;0;No;ARV;Pediatric;MICRO LABS LIMITED;Efavirenz 50mg, capsule, 30 Caps;Efavirenz;Generic;50mg;Capsule;30;924;1755,60;1,90;0,06;Micro labs, Verna, Goa, India;Yes;45;1411,52;1,80
81854;South Africa;PMO - US;Direct Drop;DDP;Ocean;1;Yes;ARV;Adult;STRIDES ARCOLAB LIMITED;Lamivudine 150mg, tablets, 60 Tabs;Lamivudine;Generic;150mg;Tablet;60;212409;524650,23;2,47;0,04;Strides, Bangalore, India.;Yes;10302;13677,69;1131,15
23584;Uganda;PMO - US;Direct Drop;CIP;Air;0;No;ARV;Adult;MERCK SHARP & DOHME IDEA GMBH (FORMALLY MERCK SHARP & DOHME B.V.);Indinavir 400mg [Crixivan], capsules, 180 Caps;Indinavir;Crixivan;400mg;Capsule;180;48;2400,00;50,00;0,28;MSD, Haarlem, NL;Yes;11;48,00;4,70
28992;Rwanda;PMO - US;Direct Drop;EXW;Air;0;No;ARV;Adult;Aurobindo Pharma Limited;Didanosine 400mg, delayed-release capsules, 30 Caps;Didanosine;Generic;400mg;Delayed-release capsules;30;1680;33600,00;20,00;0,67;Aurobindo Unit III, India;Yes;131;2004,44;47,11
5794;Vietnam;PMO - US;Direct Drop;FCA;Air;0;No;ARV;Adult;ABBVIE LOGISTICS (FORMERLY ABBOTT LOGISTICS BV);Lopinavir/Ritonavir 200/50mg [Aluvia], tablets, 120 Tabs;Lopinavir/Ritonavir;Aluvia;200/50mg;Tablet;120;1040;85488,00;82,20;0,68;ABBVIE Ludwigshafen Germany;Yes;251;2519,89;136,78
13027;Vietnam;PMO - US;Direct Drop;EXW;Air;0;No;ARV;Adult;HETERO LABS LIMITED;Efavirenz 600mg, tablets, 30 Tabs;Efavirenz;Generic;600mg;Tablet;30;5300;18550,00;3,50;0,12;Hetero Unit III Hyderabad IN;Yes;2922;5616,02;19,07
32499;South Africa;PMO - US;Direct Drop;DDP;Ocean;0;No;ARV;Pediatric;Aurobindo Pharma Limited;Efavirenz 50mg, capsule, 30 Caps;Efavirenz;Generic;50mg;Capsule;30;50000;122000,00;2,44;0,08;Aurobindo Unit III, India;Yes;2953;6409,91;201,30
75706;Ghana;PMO - US;Direct Drop;FCA;Air;0;No;ARV;Pediatric;ABBVIE LOGISTICS (FORMERLY ABBOTT LOGISTICS BV);Lopinavir/Ritonavir 100/25mg [Aluvia], tablets, 60 Tabs;Lopinavir/Ritonavir;Generic;100/25mg;Tablet;60;934;5547,96;5,94;0,10;ABBVIE Ludwigshafen Germany;Yes;110;2060,79;5,70
35678;Congo, DRC;PMO - US;Direct Drop;EXW;Air;0;No;HRDT;HIV test;Orgenics, Ltd;HIV 1/2, DoubleCheck Gold Kit, 20 Tests;HIV 1/2, DoubleCheck Gold Kit;DoubleCheck;N/A;Test kit;20;196;7157,92;36,52;1,83;Alere Medical Co., Ltd.;Yes;47;4449,10;10,04
34184;Vietnam;PMO - US;Direct Drop;FCA;Air;0;No;ARV;Adult;ABBVIE LOGISTICS (FORMERLY ABBOTT LOGISTICS BV);Ritonavir 100mg [Norvir], capsules, cool, 4 x 84 Caps;Ritonavir;Norvir;100mg;Capsule;336;36;7434,36;206,51;0,61;ABBVIE (Abbott) Logis. UK;Yes;111;7300,68;12,27
64262;Nigeria;PMO - US;Direct Drop;EXW;Air;1;Yes;HRDT;HIV test;Orgenics, Ltd;HIV 1/2, Determine Complete HIV Kit, 100 Tests;HIV 1/2, Determine Complete HIV Kit;Determine;N/A;Test kit;100;3056;271984,00;89,00;0,89;Alere Medical Co., Ltd.;Yes;1241;20602,30;336,44
24192;Kenya;PMO - US;Direct Drop;EXW;Air;0;No;HRDT;HIV test;Orgenics, Ltd;HIV 1/2, Determine Complete HIV Kit, 100 Tests;HIV 1/2, Determine Complete HIV Kit;Determine;N/A;Test kit;100;1;89,00;89,00;0,89;Inverness Japan;Yes;800;8826,00;0,19
13275;Vietnam;PMO - US;Direct Drop;EXW;Air;0;No;ARV;Adult;HETERO LABS LIMITED;Efavirenz/Lamivudine/Tenofovir Disoproxil Fumarate 600/300/300mg, tablets, 30 Tabs;Efavirenz/Lamivudine/Tenofovir Disoproxil Fumarate;Generic;600/300/300mg;Tablet - FDC;30;17760;177600,00;10,00;0,33;Hetero Unit III Hyderabad IN;Yes;2516;3816,30;209,04
61783;Tanzania;PMO - US;Direct Drop;EXW;Ocean;0;No;ARV;Adult;MYLAN LABORATORIES LTD (FORMERLY MATRIX LABORATORIES);Efavirenz/Emtricitabine/Tenofovir Disoproxil Fumarate 600/200/300mg, tablets, 30 Tabs;Efavirenz/Emtricitabine/Tenofovir Disoproxil Fumarate;Generic;600/200/300mg;Tablet - FDC;30;65763;821379,87;12,49;0,42;Mylan (formerly Matrix) Nashik;Yes;8182;7814,59;1016,05
20073;Nigeria;PMO - US;Direct Drop;EXW;Air;1;Yes;HRDT;HIV test;Orgenics, Ltd;HIV 1/2, Determine Complete HIV Kit, 100 Tests;HIV 1/2, Determine Complete HIV Kit;Determine;N/A;Test kit;100;3144;279816,00;89,00;0,89;Alere Medical Co., Ltd.;Yes;1276;15681,99;287,65
55715;Mozambique;PMO - US;Direct Drop;EXW;Air;0;No;HRDT;HIV test;Orgenics, Ltd;HIV 1/2, Determine Complete HIV Kit, 100 Tests;HIV 1/2, Determine Complete HIV Kit;Determine;N/A;Test kit;100;645;51600,00;80,00;0,80;Alere Medical Co., Ltd.;Yes;267;3453,53;63,83
76517;Vietnam;PMO - US;Direct Drop;EXW;Air;0;No;ARV;Adult;MYLAN LABORATORIES LTD (FORMERLY MATRIX LABORATORIES);Lamivudine/Nevirapine/Zidovudine 150/200/300mg, tablets, 60 Tabs;Lamivudine/Nevirapine/Zidovudine;Generic;150/300/200mg;Tablet - FDC;60;42000;461580,00;10,99;0,18;Mylan (formerly Matrix) Nashik;Yes;5941;19632,73;761,61
65235;Rwanda;PMO - US;Direct Drop;EXW;Air;0;No;HRDT;HIV test;Orgenics, Ltd;HIV 1/2, Determine HIV Kit, without Lancets, 100 Tests;HIV 1/2, Determine HIV Kit, without Lancets;Determine;N/A;Test kit;100;7500;582750,00;77,70;0,78;Inverness Japan;Yes;1703;25501,10;961,54
50918;Rwanda;PMO - US;Direct Drop;EXW;Ocean;0;No;ARV;Adult;HETERO LABS LIMITED;Nevirapine 200mg, tablets, 60 Tabs;Nevirapine;Generic;200mg;Tablet;60;206475;501734,25;2,43;0,04;Hetero Unit III Hyderabad IN;Yes;12077;19328,36;1081,74
33296;Uganda;PMO - US;Direct Drop;DDP;Air;0;No;ARV;Adult;ASPEN PHARMACARE;Darunavir 300mg [Prezista], tablets, 120 Tabs;Darunavir;Prezista;300mg;Tablet;120;95;8780,85;92,43;0,77;Aspen-OSD, Port Elizabeth, SA;Yes;14;171,00;14,49
985;Tanzania;PMO - US;Direct Drop;FCA;Air;0;No;ARV;Pediatric;ABBVIE LOGISTICS (FORMERLY ABBOTT LOGISTICS BV);Lopinavir/Ritonavir 80/20mg/ml [Kaletra], oral solution, cool, Bottle 5 x 60 ml;Lopinavir/Ritonavir;Kaletra;80/20mg/ml;Oral solution;300;524;21536,40;41,10;0,14;ABBVIE (Abbott) Logis. UK;Yes;644;6668,61;42,21
67321;Cªte d'Ivoire;PMO - US;Direct Drop;EXW;Air;0;No;ARV;Pediatric;Aurobindo Pharma Limited;Didanosine 200mg, chewable/dispersible tablets, 60 Tabs;Didanosine;Generic;200mg;Chewable/dispersible tablet;60;712;10680,00;15,00;0,25;Aurobindo Unit III, India;Yes;147;1836,81;23,03
56520;Sudan;PMO - US;Direct Drop;EXW;Air;0;No;HRDT;HIV test;Standard Diagnostics, Inc.;HIV 1/2, Bioline 3.0 Kit, Lancets, Capillary pipets, Alcohol swabs included, 25 Tests;HIV 1/2, Bioline 3.0 Kit, Lancets, Capillary pipets, Alcohol swabs included;Bioline;N/A;Test kit;25;30;600,00;20,00;0,80;Standard Diagnostics, Korea;Yes;430;4500,71;0,99
25760;Vietnam;PMO - US;Direct Drop;EXW;Air;0;No;ARV;Adult;STRIDES ARCOLAB LIMITED;Nevirapine 200mg, tablets, 60 Tabs;Nevirapine;Generic;200mg;Tablet;60;1247;3167,38;2,54;0,04;Strides, Bangalore, India.;Yes;71;4035,45;6,83
37612;Zimbabwe;PMO - US;Direct Drop;EXW;Ocean;0;No;ARV;Pediatric;ABBVIE LOGISTICS (FORMERLY ABBOTT LOGISTICS BV);Lopinavir/Ritonavir 100/25mg [Aluvia], tablets, 60 Tabs;Lopinavir/Ritonavir;Generic;100/25mg;Tablet;60;41840;248529,60;5,94;0,10;ABBVIE Ludwigshafen Germany;Yes;4528;25189,51;255,49
73056;Mozambique;PMO - US;Direct Drop;EXW;Air;0;No;HRDT;HIV test;BIO-RAD LABORATORIES (FRANCE);HIV, Multispot HIV-1/HIV-2 Rapid Test Kit, 50 Tests;HIV, Multispot HIV-1/HIV-2 Rapid Test Kit;Multispot;N/A;Test kit;50;80;99402,40;1242,53;24,85;Bio-Rad Laboratories;Yes;111;1368,78;102,19
65716;Haiti;PMO - US;Direct Drop;EXW;Air;0;No;ARV;Adult;MYLAN LABORATORIES LTD (FORMERLY MATRIX LABORATORIES);Efavirenz/Lamivudine/Tenofovir Disoproxil Fumarate 600/300/300mg, tablets, 30 Tabs;Efavirenz/Lamivudine/Tenofovir Disoproxil Fumarate;Generic;600/300/300mg;Tablet - FDC;30;5500;77550,00;14,10;0,47;Mylan (formerly Matrix) Nashik;Yes;647;4877,34;108,73
20969;Rwanda;PMO - US;Direct Drop;EXW;Air;1;Yes;HRDT;HIV test;SHANGHAI KEHUA BIOENGINEERING CO.,LTD.  (KHB);HIV 1/2, SKB Colloidal Gold, Diagnostic Kit, Antibody, 50 Tests;HIV 1/2, Colloidal Gold, Diagnostic Kit, Antibody;Colloidal Gold;N/A;Test kit;1;4156;101822,00;24,50;24,50;KHB Test Kit Facility, Shanghai China;Yes;2771;36502,80;104,67
42848;Tanzania;PMO - US;Direct Drop;FCA;Air;0;No;ARV;Pediatric;ABBVIE LOGISTICS (FORMERLY ABBOTT LOGISTICS BV);Lopinavir/Ritonavir 100/25mg [Aluvia], tablets, 60 Tabs;Lopinavir/Ritonavir;Generic;100/25mg;Tablet;60;405;3122,55;7,71;0,13;ABBVIE Ludwigshafen Germany;Yes;75;1262,36;5,15
52093;Rwanda;PMO - US;Direct Drop;CIP;Air;0;No;ARV;Adult;MYLAN LABORATORIES LTD (FORMERLY MATRIX LABORATORIES);Lamivudine/Zidovudine 150/300mg, tablets, 60 Tabs;Lamivudine/Zidovudine;Generic;150/300mg;Tablet - FDC;60;21080;189720,00;9,00;0,15;Mylan (formerly Matrix) Nashik;Yes;1716;17074,80;371,85
25982;Sudan;PMO - US;Direct Drop;EXW;Air;0;No;HRDT;HIV test;Standard Diagnostics, Inc.;HIV 1/2, Bioline 3.0 Kit, Lancets, Capillary pipets, Alcohol swabs included, 25 Tests;HIV 1/2, Bioline 3.0 Kit, Lancets, Capillary pipets, Alcohol swabs included;Bioline;N/A;Test kit;25;16;320,00;20,00;0,80;Standard Diagnostics, Korea;Yes;139;1629,85;0,69
38611;Namibia;PMO - US;Direct Drop;EXW;Air;0;No;ARV;Adult;HETERO LABS LIMITED;Lamivudine/Nevirapine/Zidovudine 150/200/300mg, tablets, 60 Tabs;Lamivudine/Nevirapine/Zidovudine;Generic;150/300/200mg;Tablet - FDC;60;33696;279339,84;8,29;0,14;Hetero, Jadcherla, unit 5, IN;Yes;4262;27262,44;287,16
64369;Zimbabwe;PMO - US;Direct Drop;FCA;Air;0;No;ARV;Pediatric;ABBVIE LOGISTICS (FORMERLY ABBOTT LOGISTICS BV);Lopinavir/Ritonavir 100/25mg [Aluvia], tablets, 60 Tabs;Lopinavir/Ritonavir;Generic;100/25mg;Tablet;60;9253;54962,82;5,94;0,10;ABBVIE Ludwigshafen Germany;Yes;1065;11368,84;56,50
36203;Nigeria;PMO - US;Direct Drop;EXW;Air;1;Yes;HRDT;HIV test;Orgenics, Ltd;HIV 1/2, Determine Complete HIV Kit, 100 Tests;HIV 1/2, Determine Complete HIV Kit;Determine;N/A;Test kit;100;2996;266644,00;89,00;0,89;Alere Medical Co., Ltd.;Yes;1426;33279,83;373,83
719;Cªte d'Ivoire;PMO - US;Direct Drop;EXW;Air;0;No;ACT;ACT;IDA FOUNDATION;Artesunate+Amodiaquine 50+153mg, tablets, co-blister 6+6 Tabs;Artesunate+Amodiaquine;Generic;50+153mg;Tablet - FDC + co-blister;12;25000;9750,00;0,39;0,03;Ipca Dadra/Nagar Haveli IN;Yes;1708;12830,91;19,11
52795;Zambia;PMO - US;Direct Drop;EXW;Air;0;No;ARV;Adult;Aurobindo Pharma Limited;Emtricitabine/Tenofovir Disoproxil Fumarate 200/300mg, tablets, 30 Tabs;Emtricitabine/Tenofovir Disoproxil Fumarate;Generic;200/300mg;Tablet - FDC;30;100000;735000,00;7,35;0,24;Aurobindo Unit III, India;Yes;9389;51294,87;1030,47
54828;Rwanda;PMO - US;Direct Drop;EXW;Air;0;No;ARV;Adult;MYLAN LABORATORIES LTD (FORMERLY MATRIX LABORATORIES);Lamivudine/Tenofovir Disoproxil Fumarate 300/300mg, tablets, 30 Tabs;Lamivudine/Tenofovir Disoproxil Fumarate;Generic;300/300mg;Tablet - FDC;30;131704;683543,76;5,19;0,17;Mylan (formerly Matrix) Nashik;Yes;10818;119695,66;958,33
6933;Nigeria;PMO - US;Direct Drop;EXW;Air;0;No;HRDT;HIV test;CHEMBIO DIAGNOSTIC SYSTEMS, INC.;HIV 1/2, Stat-Pak HIV, Kit, 20 Tests;HIV 1/2, Stat-Pak HIV, Kit;Stat-Pak;N/A;Test kit;20;8153;220131,00;27,00;1,35;Chembio Diagnostics Sys. Inc.;Yes;2707;13535,55;352,21
24358;Tanzania;PMO - US;Direct Drop;FCA;Air;0;No;ARV;Pediatric;ABBVIE LOGISTICS (FORMERLY ABBOTT LOGISTICS BV);Lopinavir/Ritonavir 100/25mg [Aluvia], tablets, 60 Tabs;Lopinavir/Ritonavir;Generic;100/25mg;Tablet;60;5273;31321,62;5,94;0,10;ABBVIE Ludwigshafen Germany;Yes;668;4835,39;32,20
34267;Uganda;PMO - US;Direct Drop;EXW;Air;0;No;HRDT;HIV test;Orgenics, Ltd;HIV 1/2, Determine Complete HIV Kit, 100 Tests;HIV 1/2, Determine Complete HIV Kit;Determine;N/A;Test kit;100;5486;438880,00;80,00;0,80;Alere Medical Co., Ltd.;Yes;2224;21346,47;451,17
5818;Haiti;PMO - US;Direct Drop;EXW;Air;0;No;HRDT;HIV test;Trinity Biotech, Plc;HIV 1/2, Capillus HIV Kit, 100 Tests;HIV 1/2, Capillus HIV Kit;Capillus;N/A;Test kit;100;84;11676,00;139,00;1,39;Trinity Biotech, Plc;Yes;54;871,71;18,68
5551;Haiti;PMO - US;Direct Drop;EXW;Air;0;No;HRDT;HIV test;Trinity Biotech, Plc;HIV 1/2, Capillus HIV Kit, 100 Tests;HIV 1/2, Capillus HIV Kit;Capillus;N/A;Test kit;100;2;278,00;139,00;1,39;Trinity Biotech, Plc;Yes;1;897,52;0,44
67142;Cªte d'Ivoire;PMO - US;Direct Drop;FCA;Air;0;No;ARV;Adult;ABBVIE LOGISTICS (FORMERLY ABBOTT LOGISTICS BV);Lopinavir/Ritonavir 200/50mg [Aluvia], tablets, 120 Tabs;Lopinavir/Ritonavir;Aluvia;200/50mg;Tablet;120;10280;371724,80;36,16;0,30;ABBVIE Ludwigshafen Germany;Yes;2573;13562,35;613,35
23787;Botswana;PMO - US;Direct Drop;EXW;Air;0;No;HRDT;HIV test;Trinity Biotech, Plc;HIV 1/2, Uni-Gold HIV Kit, 20 Tests;HIV 1/2, Uni-Gold HIV Kit;Uni-Gold;N/A;Test kit;20;5;160,00;32,00;1,60;Trinity Biotech, Plc;Yes;3;603,53;0,31
55706;Haiti;PMO - US;Direct Drop;EXW;Air;0;No;ARV;Adult;STRIDES ARCOLAB LIMITED;Lamivudine/Stavudine 150/30mg, tablets, 60 Tabs;Lamivudine/Stavudine;Generic;150/30mg;Tablet - FDC;60;384;1121,28;2,92;0,05;Strides, Bangalore, India.;Yes;20;950,05;1,57
19958;Kenya;PMO - US;Direct Drop;EXW;Air;0;No;HRDT;HIV test;Orgenics, Ltd;HIV 1/2, Determine Complete HIV Kit, 100 Tests;HIV 1/2, Determine Complete HIV Kit;Determine;N/A;Test kit;100;1;89,00;89,00;0,89;Alere Medical Co., Ltd.;Yes;985;11034,01;0,12
41838;Uganda;PMO - US;Direct Drop;EXW;Air;0;No;ARV;Adult;HETERO LABS LIMITED;Nevirapine 200mg, tablets, 60 Tabs;Nevirapine;Generic;200mg;Tablet;60;61290;143418,60;2,34;0,04;Hetero Unit III Hyderabad IN;Yes;3528;16938,13;201,07
64087;Nigeria;PMO - US;Direct Drop;EXW;Air;0;No;ACT;ACT;NOVARTIS PHARMA SERVICES AG;Artemether/Lumefantrine 20/120mg [Coartem], scored tablets, Blister 30 x 24 Tabs;Artemether/Lumefantrine;Coartem;20/120mg;Tablet - FDC + blister;720;2500;132000,00;52,80;0,07;Novartis Pharma Suffern, USA;Yes;1746;11216,78;185,06
43140;Tanzania;PMO - US;Direct Drop;EXW;Air;0;No;ARV;Adult;HETERO LABS LIMITED;Nevirapine 200mg, tablets, 60 Tabs;Nevirapine;Generic;200mg;Tablet;60;96200;209716,00;2,18;0,04;Hetero Unit III Hyderabad IN;Yes;6320;33343,63;215,59
56550;Tanzania;PMO - US;Direct Drop;FCA;Air;0;No;ARV;Adult;ABBVIE LOGISTICS (FORMERLY ABBOTT LOGISTICS BV);Ritonavir 100mg [Norvir], capsules, cool, 4 x 84 Caps;Ritonavir;Norvir;100mg;Capsule;336;645;24742,20;38,36;0,11;ABBVIE (Abbott) Logis. UK;Yes;1210;7015,04;48,49
22116;Nigeria;PMO - US;Direct Drop;EXW;Air;0;No;HRDT;HIV test;CHEMBIO DIAGNOSTIC SYSTEMS, INC.;HIV 1/2, Stat-Pak HIV, Kit, 20 Tests;HIV 1/2, Stat-Pak HIV, Kit;Stat-Pak;N/A;Test kit;20;3401;98629,00;29,00;1,45;Chembio Diagnostics Sys. Inc.;Yes;972;6418,11;138,28
38796;Mozambique;PMO - US;Direct Drop;EXW;Air;0;No;HRDT;HIV test;Orgenics, Ltd;HIV 1/2, Determine Complete HIV Kit, 100 Tests;HIV 1/2, Determine Complete HIV Kit;Determine;N/A;Test kit;100;2938;235040,00;80,00;0,80;Alere Medical Co., Ltd.;Yes;1329;13394,09;290,74
72263;South Africa;PMO - US;Direct Drop;DDP;Air;0;No;ARV;Adult;Aurobindo Pharma Limited;Efavirenz 600mg, tablets, 30 Tabs;Efavirenz;Generic;600mg;Tablet;30;56970;266049,90;4,67;0,16;Aurobindo Unit III, India;Yes;4822;5886,90;573,60
41092;Cªte d'Ivoire;PMO - US;Direct Drop;EXW;Air;0;No;ARV;Pediatric;Aurobindo Pharma Limited;Abacavir/Lamivudine 60/30mg, tablets, 60 Tabs;Abacavir/Lamivudine;Generic;60/30mg;Tablet - FDC;60;7228;33248,80;4,60;0,08;Aurobindo Unit III, India;Yes;338;3845,67;46,61
51233;Vietnam;PMO - US;Direct Drop;EXW;Air;0;No;ARV;Adult;HETERO LABS LIMITED;Lamivudine 150mg, tablets, 60 Tabs;Lamivudine;Generic;150mg;Tablet;60;9400;16920,00;1,80;0,03;Hetero Unit III Hyderabad IN;Yes;1030;1593,67;19,91
72281;Namibia;PMO - US;Direct Drop;EXW;Air;0;No;HRDT;HIV test;Orgenics, Ltd;HIV 1/2, Determine HIV Kit, without Lancets, 100 Tests;HIV 1/2, Determine HIV Kit, without Lancets;Determine;N/A;Test kit;100;150;10500,00;70,00;0,70;Inverness Japan;Yes;37;2541,80;20,58
46464;Cªte d'Ivoire;PMO - US;Direct Drop;EXW;Air;0;No;HRDT;HIV test;Orgenics, Ltd;HIV 1/2, Determine Complete HIV Kit, 100 Tests;HIV 1/2, Determine Complete HIV Kit;Determine;N/A;Test kit;100;2746;219680,00;80,00;0,80;Alere Medical Co., Ltd.;Yes;1312;27254,17;362,47
52034;Haiti;PMO - US;Direct Drop;EXW;Air;0;No;HRDT;HIV test;SHANGHAI KEHUA BIOENGINEERING CO.,LTD.  (KHB);HIV 1/2, SKB Colloidal Gold, Diagnostic Kit, Antibody, 50 Tests;HIV 1/2, Colloidal Gold, Diagnostic Kit, Antibody;Colloidal Gold;N/A;Test kit;1;350;8575,00;24,50;24,50;KHB Test Kit Facility, Shanghai China;Yes;240;2933,25;10,61
57701;South Sudan;PMO - US;Direct Drop;EXW;Air;0;No;HRDT;HIV test;Orgenics, Ltd;HIV 1/2, Determine Complete HIV Kit, 100 Tests;HIV 1/2, Determine Complete HIV Kit;Determine;N/A;Test kit;100;694;61766,00;89,00;0,89;Alere Medical Co., Ltd.;Yes;285;4350,03;63,50
21217;Tanzania;PMO - US;Direct Drop;EXW;Air;0;No;ARV;Pediatric;MYLAN LABORATORIES LTD (FORMERLY MATRIX LABORATORIES);Lamivudine/Nevirapine/Zidovudine 30/50/60mg, dispersible tablets, 60 Tabs;Lamivudine/Nevirapine/Zidovudine;Generic;30/50/60mg;Chewable/dispersible tablet - FDC;60;36000;129600,00;3,60;0,06;Mylan (formerly Matrix) Nashik;Yes;2205;9815,52;133,23
6724;Vietnam;PMO - US;Direct Drop;EXW;Air;0;No;ARV;Pediatric;Aurobindo Pharma Limited;Didanosine 100mg, chewable/dispersible tablets, 60 Tabs;Didanosine;Generic;100mg;Chewable/dispersible tablet;60;1200;9300,00;7,75;0,13;Aurobindo Unit III, India;Yes;249;3719,91;14,88
50876;Rwanda;PMO - US;Direct Drop;EXW;Ocean;0;No;ARV;Adult;HETERO LABS LIMITED;Lamivudine/Nevirapine/Stavudine 150/200/30mg, tablets, 60 Tabs;Lamivudine/Nevirapine/Stavudine;Generic;150/200/30mg;Tablet - FDC;60;63410;278369,90;4,39;0,07;Hetero Unit III Hyderabad IN;Yes;6589;17075,43;390,27
9749;Vietnam;PMO - US;Direct Drop;FCA;Air;0;No;ARV;Adult;ABBVIE LOGISTICS (FORMERLY ABBOTT LOGISTICS BV);Lopinavir/Ritonavir 200/50mg [Aluvia], tablets, 120 Tabs;Lopinavir/Ritonavir;Aluvia;200/50mg;Tablet;120;1480;121656,00;82,20;0,68;ABBVIE Ludwigshafen Germany;Yes;370;2652,33;194,65
80299;Namibia;PMO - US;Direct Drop;EXW;Air;0;No;HRDT;HIV test;Orgenics, Ltd;HIV 1/2, Determine HIV Kit, without Lancets, 100 Tests;HIV 1/2, Determine HIV Kit, without Lancets;Determine;N/A;Test kit;100;150;11655,00;77,70;0,78;Inverness Japan;Yes;35;840,46;16,34
71111;Rwanda;PMO - US;Direct Drop;EXW;Air;0;No;HRDT;HIV test;Orgenics, Ltd;HIV 1/2, Determine HIV Kit, without Lancets, 100 Tests;HIV 1/2, Determine HIV Kit, without Lancets;Determine;N/A;Test kit;100;3500;271950,00;77,70;0,78;Alere Medical Co., Ltd.;Yes;795;11855,59;336,40
66762;Cªte d'Ivoire;PMO - US;Direct Drop;EXW;Air;0;No;HRDT;HIV test;Orgenics, Ltd;HIV 1/2, Determine Complete HIV Kit, 100 Tests;HIV 1/2, Determine Complete HIV Kit;Determine;N/A;Test kit;100;3000;240000,00;80,00;0,80;Alere Medical Co., Ltd.;Yes;1428;28142,92;336,48
62942;Mozambique;PMO - US;Direct Drop;FCA;Air;0;No;ARV;Adult;Hoffmann-La Roche ltd Basel;Saquinavir 200mg [Invirase], capsules, 270 Caps;Saquinavir;Invirase;200mg;Capsule;270;392;37017,53;94,43;0,35;Roche Basel;Yes;202;2191,21;72,55
54829;Vietnam;PMO - US;Direct Drop;EXW;Air;0;No;ARV;Adult;CIPLA LIMITED;Zidovudine 300mg, tablets, 60 Tabs;Zidovudine;Generic;300mg;Tablet;60;1475;9735,00;6,60;0,11;Cipla, Goa, India;Yes;96;678,83;13,65
33868;South Africa;PMO - US;Direct Drop;DDP;Ocean;0;No;ARV;Adult;Aurobindo Pharma Limited;Tenofovir Disoproxil Fumarate 300mg, tablets, 30 Tabs;Tenofovir Disoproxil Fumarate;Generic;300mg;Tablet;30;70331;467701,15;6,65;0,22;Aurobindo Unit III, India;Yes;6564;12396,57;771,71
50754;South Africa;PMO - US;Direct Drop;DDP;Ocean;0;No;ARV;Adult;CIPLA LIMITED;Tenofovir Disoproxil Fumarate 300mg, tablets, 30 Tabs;Tenofovir Disoproxil Fumarate;Generic;300mg;Tablet;30;112595;728489,65;6,47;0,22;Cipla, Goa, India;Yes;7991;9972,68;1202,01
34226;Sudan;PMO - US;Direct Drop;EXW;Air;0;No;HRDT;HIV test;Orgenics, Ltd;HIV 1/2, Determine Complete HIV Kit, 100 Tests;HIV 1/2, Determine Complete HIV Kit;Determine;N/A;Test kit;100;350;28000,00;80,00;0,80;Inverness Japan;Yes;104;2023,76;60,37
63273;Tanzania;PMO - US;Direct Drop;EXW;Air;0;No;HRDT;HIV test;Orgenics, Ltd;HIV 1/2, Determine Complete HIV Kit, 100 Tests;HIV 1/2, Determine Complete HIV Kit;Determine;N/A;Test kit;100;2744;219520,00;80,00;0,80;Alere Medical Co., Ltd.;Yes;1186;22067,21;307,77
65450;Nigeria;PMO - US;Direct Drop;EXW;Air;0;No;HRDT;HIV test;Orgenics, Ltd;HIV 1/2, Determine Complete HIV Kit, 100 Tests;HIV 1/2, Determine Complete HIV Kit;Determine;N/A;Test kit;100;3067;272963,00;89,00;0,89;Alere Medical Co., Ltd.;Yes;1228;13325,65;337,66
24653;Tanzania;PMO - US;Direct Drop;EXW;Air;0;No;HRDT;HIV test;Standard Diagnostics, Inc.;HIV 1/2, Determine Complete HIV Kit, 100 Tests;HIV 1/2, Determine Complete HIV Kit;Determine;N/A;Test kit;100;3029;0,00;0,00;0,00;Alere Medical Co., Ltd.;Yes;1255;21384,75;0,00
51871;South Africa;PMO - US;Direct Drop;DDP;Ocean;1;Yes;ARV;Adult;CIPLA LIMITED;Tenofovir Disoproxil Fumarate 300mg, tablets, 30 Tabs;Tenofovir Disoproxil Fumarate;Generic;300mg;Tablet;30;44293;303849,98;6,86;0,23;Cipla, Goa, India;Yes;2951;5567,75;501,35
21279;Congo, DRC;PMO - US;Direct Drop;EXW;Air;0;No;ARV;Pediatric;Aurobindo Pharma Limited;Nevirapine 50mg, dispersible tablets (tablets for oral suspension), 30 Tabs;Nevirapine;Generic;50mg;Chewable/dispersible tablet;30;984;1230,00;1,25;0,04;Aurobindo Unit III, India;Yes;53;938,05;1,52
19512;Vietnam;PMO - US;Direct Drop;EXW;Air;0;No;ARV;Adult;MYLAN LABORATORIES LTD (FORMERLY MATRIX LABORATORIES);Efavirenz/Lamivudine/Tenofovir Disoproxil Fumarate 600/300/300mg, tablets, 30 Tabs;Efavirenz/Lamivudine/Tenofovir Disoproxil Fumarate;Generic;600/300/300mg;Tablet - FDC;30;5451;76859,10;14,10;0,47;Mylan (formerly Matrix) Nashik;Yes;1675;3401,49;126,82
4804;Tanzania;PMO - US;Direct Drop;EXW;Air;0;No;HRDT;HIV test;Trinity Biotech, Plc;HIV 1/2, Uni-Gold HIV Kit, 20 Tests;HIV 1/2, Uni-Gold HIV Kit;Uni-Gold;N/A;Test kit;20;1678;53696,00;32,00;1,60;Trinity Biotech, Plc;Yes;554;4810,99;105,24
62413;Vietnam;PMO - US;Direct Drop;EXW;Air;0;No;ARV;Adult;HETERO LABS LIMITED;Efavirenz 600mg, tablets, 30 Tabs;Efavirenz;Generic;600mg;Tablet;30;7245;23546,25;3,25;0,11;Hetero, Jadcherla, unit 5, IN;Yes;622;1226,11;29,13
80699;Nigeria;PMO - US;Direct Drop;EXW;Air;1;Yes;HRDT;HIV test;Orgenics, Ltd;HIV 1/2, Determine Complete HIV Kit, 100 Tests;HIV 1/2, Determine Complete HIV Kit;Determine;N/A;Test kit;100;2933;261037,00;89,00;0,89;Alere Medical Co., Ltd.;Yes;1271;26859,39;365,97
1941;Nigeria;PMO - US;Direct Drop;EXW;Air;0;No;HRDT;HIV test - Ancillary;Orgenics, Ltd;HIV, Lancet, Safety, for HIV Test kits, 100 Pcs;HIV, Lancet, Safety, for HIV Test kits, 100 Pcs;Generic;N/A;Test kit - Ancillary;100;6502;65,02;0,01;0,00;Inverness Japan;Yes;1927;24870,05;0,10
78403;Haiti;PMO - US;Direct Drop;CIP;Air;0;No;ARV;Pediatric;MERCK SHARP & DOHME IDEA GMBH (FORMALLY MERCK SHARP & DOHME B.V.);Efavirenz 30mg/ml [Stocrin/Sustiva], oral solution, Bottle, 180 ml;Efavirenz;Stocrin/Sustiva;30mg/ml;Oral solution;180;255;4324,80;16,96;0,09;MSD, Haarlem, NL;Yes;72;290,00;7,14
29913;Congo, DRC;PMO - US;Direct Drop;EXW;Air;0;No;HRDT;HIV test;Trinity Biotech, Plc;HIV 1/2, Uni-Gold HIV Kit, 20 Tests;HIV 1/2, Uni-Gold HIV Kit;Uni-Gold;N/A;Test kit;20;362;11584,00;32,00;1,60;Trinity Biotech, Plc;Yes;134;1941,34;14,33
21045;Rwanda;PMO - US;Direct Drop;EXW;Air;0;No;HRDT;HIV test;SHANGHAI KEHUA BIOENGINEERING CO.,LTD.  (KHB);HIV 1/2, SKB Colloidal Gold, Diagnostic Kit, Antibody, 50 Tests;HIV 1/2, Colloidal Gold, Diagnostic Kit, Antibody;Colloidal Gold;N/A;Test kit;1;2988;73206,00;24,50;24,50;KHB Test Kit Facility, Shanghai China;Yes;1992;26266,34;90,56
35640;Liberia;PMO - US;Direct Drop;EXW;Air;0;No;HRDT;HIV test;Orgenics, Ltd;HIV 1/2, Determine Complete HIV Kit, 100 Tests;HIV 1/2, Determine Complete HIV Kit;Determine;N/A;Test kit;100;520;41600,00;80,00;0,80;Inverness Japan;Yes;252;8678,71;68,64
22079;South Africa;PMO - US;Direct Drop;DDP;Ocean;0;No;ARV;Adult;Aurobindo Pharma Limited;Efavirenz 600mg, tablets, 30 Tabs;Efavirenz;Generic;600mg;Tablet;30;63967;289770,51;4,53;0,15;Aurobindo Unit III, India;Yes;5491;15331,49;624,75
66371;Tanzania;PMO - US;Direct Drop;EXW;Air;0;No;ARV;Adult;Aurobindo Pharma Limited;Lamivudine/Nevirapine/Zidovudine 150/200/300mg, tablets, 60 Tabs;Lamivudine/Nevirapine/Zidovudine;Generic;150/300/200mg;Tablet - FDC;60;37012;300907,56;8,13;0,14;Aurobindo Unit III, India;Yes;4699;17907,70;372,22
46209;Rwanda;PMO - US;Direct Drop;EXW;Air;0;No;HRDT;HIV test;Orgenics, Ltd;HIV 1/2, Determine HIV Kit, without Lancets, 100 Tests;HIV 1/2, Determine HIV Kit, without Lancets;Determine;N/A;Test kit;100;5084;355880,00;70,00;0,70;Inverness Japan;Yes;1153;46638,41;697,52
65238;Ethiopia;PMO - US;Direct Drop;EXW;Air;0;No;HRDT;HIV test;SHANGHAI KEHUA BIOENGINEERING CO.,LTD.  (KHB);HIV 1/2, SKB Colloidal Gold, Diagnostic Kit, Antibody, 50 Tests;HIV 1/2, Colloidal Gold, Diagnostic Kit, Antibody;Colloidal Gold;N/A;Test kit;1;7527;184411,50;24,50;24,50;KHB Test Kit Facility, Shanghai China;Yes;5020;78813,53;189,58
24246;Ethiopia;PMO - US;Direct Drop;FCA;Air;0;No;ARV;Pediatric;ABBVIE LOGISTICS (FORMERLY ABBOTT LOGISTICS BV);Lopinavir/Ritonavir 80/20mg/ml [Kaletra], oral solution, cool, Bottle 5 x 60 ml;Lopinavir/Ritonavir;Kaletra;80/20mg/ml;Oral solution;300;700;21574,00;30,82;0,10;ABBVIE (Abbott) Logis. UK;Yes;1050;4672,77;30,25
4373;Vietnam;PMO - US;Direct Drop;FCA;Air;0;No;ARV;Adult;ABBVIE LOGISTICS (FORMERLY ABBOTT LOGISTICS BV);Lopinavir/Ritonavir 200/50mg [Aluvia], tablets, 120 Tabs;Lopinavir/Ritonavir;Aluvia;200/50mg;Tablet;120;800;65760,00;82,20;0,68;ABBVIE Ludwigshafen Germany;Yes;208;3449,40;105,22
5634;Cªte d'Ivoire;PMO - US;Direct Drop;EXW;Air;0;No;HRDT;HIV test;Standard Diagnostics, Inc.;HIV 1/2, Bioline 3.0 Kit, Lancets, Capillary pipets, Alcohol swabs included, 25 Tests;HIV 1/2, Bioline 3.0 Kit, Lancets, Capillary pipets, Alcohol swabs included;Bioline;N/A;Test kit;25;659;13180,00;20,00;0,80;Standard Diagnostics, Korea;Yes;206;2358,13;25,83
6768;Guyana;PMO - US;Direct Drop;CIF;N/A;0;No;MRDT;Malaria;ZEPHYR BIOMEDICALS;Malaria Paramax-3 Kit, 25 Tests;Malaria Paramax-3 Kit;Paramax;N/A;Test kit;25;390;14625,00;37,50;1,50;Not Applicable;Yes;145;186,25;23,40
15356;Sudan;PMO - US;Direct Drop;EXW;Air;0;No;HRDT;HIV test;Trinity Biotech, Plc;HIV 1/2, Uni-Gold HIV Kit, 20 Tests;HIV 1/2, Uni-Gold HIV Kit;Uni-Gold;N/A;Test kit;20;35;1120,00;32,00;1,60;Trinity Biotech, Plc;Yes;12;646,81;1,85
81132;Cªte d'Ivoire;PMO - US;Direct Drop;FCA;Air;0;No;ARV;Pediatric;ABBVIE LOGISTICS (FORMERLY ABBOTT LOGISTICS BV);Lopinavir/Ritonavir 80/20mg/ml [Kaletra], oral solution, cool, Bottle 5 x 60 ml;Lopinavir/Ritonavir;Kaletra;80/20mg/ml;Oral solution;300;320;9862,40;30,82;0,10;ABBVIE (Abbott) Logis. UK;Yes;326;3852,86;12,20
3456;Vietnam;PMO - US;Direct Drop;EXW;Air;0;No;ARV;Adult;Aurobindo Pharma Limited;Lamivudine 150mg, tablets, 60 Tabs;Lamivudine;Generic;150mg;Tablet;60;6156;14774,40;2,40;0,04;Aurobindo Unit III, India;Yes;1044;3854,23;28,96
16186;Vietnam;PMO - US;Direct Drop;EXW;Air;0;No;ARV;Adult;STRIDES ARCOLAB LIMITED;Lamivudine/Nevirapine/Zidovudine 150/200/300mg, tablets, 60 Tabs;Lamivudine/Nevirapine/Zidovudine;Generic;150/300/200mg;Tablet - FDC;60;21858;184044,36;8,42;0,14;Strides, Bangalore, India.;Yes;2777;4461,72;227,66
66207;Uganda;PMO - US;Direct Drop;EXW;Air;0;No;ARV;Adult;ASPEN PHARMACARE;Darunavir 300mg [Prezista], tablets, 120 Tabs;Darunavir;Prezista;300mg;Tablet;120;102;9180,00;90,00;0,75;Aspen-OSD, Port Elizabeth, SA;Yes;15;845,10;17,99
24473;Uganda;PMO - US;Direct Drop;DDP;Air;0;No;ARV;Adult;ASPEN PHARMACARE;Etravirine 100mg [Intelence], tablets, 120 Tabs;Etravirine;Intelence;100mg;Tablet;120;144;10800,00;75,00;0,62;Janssen-Cilag, Latina, IT;Yes;47;449,00;15,14
2558;Namibia;PMO - US;Direct Drop;EXW;Air;0;No;HRDT;HIV test;Orgenics, Ltd;HIV 1/2, Determine HIV Kit, without Lancets, 100 Tests;HIV 1/2, Determine HIV Kit, without Lancets;Determine;N/A;Test kit;100;800;56000,00;70,00;0,70;Inverness Japan;Yes;195;2008,54;109,76
72572;Botswana;PMO - US;Direct Drop;EXW;Air;0;No;HRDT;HIV test;SHANGHAI KEHUA BIOENGINEERING CO.,LTD.  (KHB);HIV 1/2, SKB Colloidal Gold, Diagnostic Kit, Antibody, 50 Tests;HIV 1/2, Colloidal Gold, Diagnostic Kit, Antibody;Colloidal Gold;N/A;Test kit;1;20;460,00;23,00;23,00;KHB Test Kit Facility, Shanghai China;Yes;16;486,18;0,76
80217;South Africa;PMO - US;Direct Drop;DDP;Air;0;No;ARV;Pediatric;Aurobindo Pharma Limited;Lamivudine 10mg/ml, oral solution w/syringe, Bottle, 240 ml;Lamivudine;Generic;10mg/ml;Oral solution;240;11644;34932,00;3,00;0,01;Aurobindo Unit III, India;Yes;4442;3283,59;75,31
13978;Vietnam;PMO - US;Direct Drop;EXW;Air;0;No;ARV;Adult;HETERO LABS LIMITED;Lamivudine/Zidovudine 150/300mg, tablets, 60 Tabs;Lamivudine/Zidovudine;Generic;150/300mg;Tablet - FDC;60;9095;62300,75;6,85;0,11;Hetero Unit III Hyderabad IN;Yes;1736;8163,83;77,07
39850;Congo, DRC;PMO - US;Direct Drop;EXW;Air;0;No;ANTM;Malaria;ACTION MEDEOR E.V.;Sulfadoxine/Pyrimethamine 500/25mg, tablets, 1000 Tabs;Sulfadoxine/Pyrimethamine;Generic;500/25mg;Tablet - FDC;1000;415;10026,40;24,16;0,02;Micro Labs, Hosur, India;Yes;329;1731,89;12,40
3441;Zambia;PMO - US;Direct Drop;EXW;Air;0;No;HRDT;HIV test;Orgenics, Ltd;HIV 1/2, Determine HIV Kit, without Lancets, 100 Tests;HIV 1/2, Determine HIV Kit, without Lancets;Determine;N/A;Test kit;100;5500;395945,00;71,99;0,72;Inverness Japan;Yes;1624;12646,15;776,05
55904;Tanzania;PMO - US;Direct Drop;EXW;Air;0;No;HRDT;HIV test;Orgenics, Ltd;HIV 1/2, Determine Complete HIV Kit, 100 Tests;HIV 1/2, Determine Complete HIV Kit;Determine;N/A;Test kit;100;2352;188160,00;80,00;0,80;Alere Medical Co., Ltd.;Yes;1016;19026,72;263,80
18586;Ghana;PMO - US;Direct Drop;EXW;Air;0;No;ARV;Adult;Aurobindo Pharma Limited;Lamivudine/Nevirapine/Zidovudine 150/200/300mg, tablets, 60 Tabs;Lamivudine/Nevirapine/Zidovudine;Generic;150/300/200mg;Tablet - FDC;60;28853;236594,60;8,20;0,14;Aurobindo Unit III, India;Yes;3612;18256,10;243,22
22855;Rwanda;PMO - US;Direct Drop;EXW;Ocean;0;No;ARV;Adult;MYLAN LABORATORIES LTD (FORMERLY MATRIX LABORATORIES);Abacavir 300mg, tablets, 60 Tabs;Abacavir;Generic;300mg;Tablet;60;37350;438862,50;11,75;0,20;Mylan (formerly Matrix) Nashik;Yes;3860;59186,46;615,29
6488;Nigeria;PMO - US;Direct Drop;EXW;Air;0;No;ACT;ACT;MISSIONPHARMA A/S;Artemether/Lumefantrine 20/120mg [Coartem], scored tablets, Blister 30 x 18 Tabs;Artemether/Lumefantrine;Coartem;20/120mg;Tablet - FDC + blister;540;2000;70420,00;35,21;0,07;Novartis Pharma Suffern, USA;Yes;10;14515,44;138,02
6451;Zambia;PMO - US;Direct Drop;EXW;Air;0;No;HRDT;HIV test;Trinity Biotech, Plc;HIV 1/2, Uni-Gold HIV Kit, 20 Tests;HIV 1/2, Uni-Gold HIV Kit;Uni-Gold;N/A;Test kit;20;7000;224000,00;32,00;1,60;Trinity Biotech, Plc;Yes;2379;21686,21;439,04
28676;Guyana;PMO - US;Direct Drop;EXW;Air;0;No;HRDT;HIV test;Trinity Biotech, Plc;HIV 1/2, Uni-Gold HIV Kit, 20 Tests;HIV 1/2, Uni-Gold HIV Kit;Uni-Gold;N/A;Test kit;20;3140;100480,00;32,00;1,60;Trinity Biotech, Plc;Yes;1024;10304,62;124,29
80167;Mozambique;PMO - US;Direct Drop;EXW;Air;0;No;HRDT;HIV test;Trinity Biotech, Plc;HIV 1/2, Uni-Gold HIV Kit, 20 Tests;HIV 1/2, Uni-Gold HIV Kit;Uni-Gold;N/A;Test kit;20;427;13664,00;32,00;1,60;Trinity Biotech, Plc;Yes;149;3165,69;19,16
81031;Rwanda;PMO - US;Direct Drop;FCA;Air;0;No;ARV;Pediatric;ABBVIE LOGISTICS (FORMERLY ABBOTT LOGISTICS BV);Lopinavir/Ritonavir 80/20mg/ml [Kaletra], oral solution, cool, Bottle 5 x 60 ml;Lopinavir/Ritonavir;Kaletra;80/20mg/ml;Oral solution;300;86;2650,52;30,82;0,10;ABBVIE (Abbott) Logis. UK;Yes;100;1952,77;2,72
51990;Rwanda;PMO - US;Direct Drop;EXW;Ocean;0;No;ARV;Adult;HETERO LABS LIMITED;Lamivudine/Tenofovir Disoproxil Fumarate 300/300mg, tablets, 30 Tabs;Lamivudine/Tenofovir Disoproxil Fumarate;Generic;300/300mg;Tablet - FDC;30;82981;776702,16;9,36;0,31;Hetero Unit III Hyderabad IN;Yes;6683;14760,60;1674,57
39343;South Africa;PMO - US;Direct Drop;DDP;Ocean;0;No;ARV;Adult;CIPLA LIMITED;Nevirapine 200mg, tablets, 60 Tabs;Nevirapine;Generic;200mg;Tablet;60;82075;223244,00;2,72;0,05;Cipla, Goa, India;Yes;8969;7175,27;368,35
80665;Swaziland;PMO - US;Direct Drop;EXW;Air;0;No;ARV;Adult;MYLAN LABORATORIES LTD (FORMERLY MATRIX LABORATORIES);Efavirenz/Lamivudine/Tenofovir Disoproxil Fumarate 600/300/300mg, tablets, 30 Tabs;Efavirenz/Lamivudine/Tenofovir Disoproxil Fumarate;Generic;600/300/300mg;Tablet - FDC;30;41700;587970,00;14,10;0,47;Mylan (formerly Matrix) Nashik;Yes;4900;29478,42;970,15
71878;Haiti;PMO - US;Direct Drop;FCA;Air;0;No;ARV;Pediatric;ABBVIE LOGISTICS (FORMERLY ABBOTT LOGISTICS BV);Lopinavir/Ritonavir 80/20mg/ml [Kaletra], oral solution, cool, Bottle 5 x 60 ml;Lopinavir/Ritonavir;Kaletra;80/20mg/ml;Oral solution;300;90;3033,00;33,70;0,11;ABBVIE (Abbott) Logis. UK;Yes;126;1767,91;5,00
73211;Uganda;PMO - US;Direct Drop;FCA;Air;0;No;ARV;Adult;ABBVIE LOGISTICS (FORMERLY ABBOTT LOGISTICS BV);Ritonavir 100mg [Norvir], film coated tablets, 60 Tabs;Ritonavir;Norvir;100mg;Tablet;60;210;1438,50;6,85;0,11;ABBVIE Ludwigshafen Germany;Yes;32;852,02;1,78
36717;Cªte d'Ivoire;PMO - US;Direct Drop;EXW;Air;0;No;HRDT;HIV test;CHEMBIO DIAGNOSTIC SYSTEMS, INC.;HIV 1/2, Stat-Pak HIV, Kit, 20 Tests;HIV 1/2, Stat-Pak HIV, Kit;Stat-Pak;N/A;Test kit;20;2483;67041,00;27,00;1,35;Chembio Diagnostics Sys. Inc.;Yes;706;6150,75;144,54
72922;Tanzania;PMO - US;Direct Drop;EXW;Air;0;No;HRDT;HIV test;Standard Diagnostics, Inc.;HIV 1/2, Determine Complete HIV Kit, 100 Tests;HIV 1/2, Determine Complete HIV Kit;Determine;N/A;Test kit;100;3781;0,00;0,00;0,00;Alere Medical Co., Ltd.;Yes;1642;25778,90;0,00
21000;Haiti;PMO - US;Direct Drop;FCA;Air;0;No;ARV;Pediatric;ABBVIE LOGISTICS (FORMERLY ABBOTT LOGISTICS BV);Lopinavir/Ritonavir 100/25mg [Aluvia], tablets, 60 Tabs;Lopinavir/Ritonavir;Generic;100/25mg;Tablet;60;520;3088,80;5,94;0,10;ABBVIE Ludwigshafen Germany;Yes;65;892,50;3,18
19696;Congo, DRC;PMO - US;Direct Drop;EXW;Air;0;No;HRDT;HIV test;Trinity Biotech, Plc;HIV 1/2, Uni-Gold HIV Kit, 20 Tests;HIV 1/2, Uni-Gold HIV Kit;Uni-Gold;N/A;Test kit;20;400;12800,00;32,00;1,60;Trinity Biotech, Plc;Yes;132;1692,70;17,95
35444;Tanzania;PMO - US;Direct Drop;FCA;Air;0;No;ARV;Pediatric;ABBVIE LOGISTICS (FORMERLY ABBOTT LOGISTICS BV);Lopinavir/Ritonavir 100/25mg [Aluvia], tablets, 60 Tabs;Lopinavir/Ritonavir;Generic;100/25mg;Tablet;60;1764;10478,16;5,94;0,10;ABBVIE Ludwigshafen Germany;Yes;209;2177,56;12,96
71554;Ghana;PMO - US;Direct Drop;EXW;Ocean;0;No;ARV;Pediatric;Aurobindo Pharma Limited;Lamivudine 10mg/ml, oral solution, Bottle, 240 ml;Lamivudine;Generic;10mg/ml;Oral solution;240;13863;19824,09;1,43;0,01;Aurobindo Unit III, India;Yes;5467;11447,38;20,38
60502;South Africa;PMO - US;Direct Drop;DDP;Ocean;0;No;ARV;Adult;Aurobindo Pharma Limited;Tenofovir Disoproxil Fumarate 300mg, tablets, 30 Tabs;Tenofovir Disoproxil Fumarate;Generic;300mg;Tablet;30;79250;527012,50;6,65;0,22;Aurobindo Unit III, India;Yes;7397;8809,08;869,57
54545;South Africa;PMO - US;Direct Drop;DDP;Air;0;No;ARV;Adult;Aurobindo Pharma Limited;Nevirapine 200mg, tablets, 60 Tabs;Nevirapine;Generic;200mg;Tablet;60;38400;112128,00;2,92;0,05;Aurobindo Unit III, India;Yes;4528;6369,79;241,75
5935;Vietnam;PMO - US;Direct Drop;FCA;Air;0;No;ARV;Adult;ABBVIE LOGISTICS (FORMERLY ABBOTT LOGISTICS BV);Lopinavir/Ritonavir 200/50mg [Aluvia], tablets, 120 Tabs;Lopinavir/Ritonavir;Aluvia;200/50mg;Tablet;120;6;493,20;82,20;0,68;ABBVIE Ludwigshafen Germany;Yes;9;2709,98;0,97
